3330 5378
811 451 1023 516 ..28-

307 643 533 710 statuariorum
557 641 814 726 sculptorumque
836 641 888 726 qui
910 640 942 705 in
957 638 1051 707 Italia
1072 639 1240 724 degebant,
1264 639 1447 724 imperfecta
1462 657 1531 707 esse

306 755 457 838 inscripta
479 755 522 839 (p.
547 754 618 838 26);
641 751 753 820 deinde
775 753 802 818 si
825 750 974 819 Jahnium
996 771 1057 818 non
1081 751 1181 820 secuti
1202 751 1337 818 Plinium
1360 751 1531 818 decoriati

307 870 339 934 et
360 865 536 947 imperfecti
559 865 735 932 discrimine
749 864 859 954 egisse
881 863 1072 945 credimus¹,
1101 881 1176 930 casn
1198 862 1328 930 fortuito
1356 881 1531 946 perpaucae

308 995 499 1045 summorum
522 975 676 1044 artificum
698 977 917 1060 inscriptiones
941 995 977 1042 ex
1001 973 1134 1042 Graecia
1155 975 1285 1041 Romam
1313 973 1435 1041 delatae
1462 991 1530 1042 esso

306 1090 355 1157 vel
377 1089 619 1173 archetyporum
641 1093 790 1157 accurata
804 1087 986 1172 apographa
1000 1086 1098 1154 fuisse
1112 1086 1268 1154 videntur.
1301 1085 1421 1152 Plinius
1436 1084 1532 1170 igitur

311 1201 360 1270 vel
381 1200 432 1282 ii,·
448 1219 525 1284 quos
548 1205 675 1268 secutus
704 1206 768 1279 est,
799 1201 984 1268 sententiam
1012 1219 1049 1266 ex
1078 1199 1332 1283 inscriptionibus
1358 1197 1533 1266 hauserunt

307 1329 437 1398 prorsus
460 1312 593 1379 diversis
615 1331 636 1378 a
657 1312 893 1394 nostris-quac
915 1331 976 1379 non
1000 1312 1100 1379 solum
1123 1312 1154 1378 in
1177 1311 1284 1391 Italia,
1306 1310 1362 1377 sed
1385 1311 1481 1377 etiam
1500 1311 1533 1376 in

309 1424 451 1505 Graecia,
476 1423 560 1506 Asia,
582 1423 696 1490 insulis
718 1428 863 1508 repertae
884 1428 966 1491 sunt.
1005 1423 1054 1489 Er
1075 1422 1136 1489 illis
1157 1422 1257 1489 titulis
1277 1420 1370 1487 Plinii
1384 1440 1534 1506 peruersa

309 1536 349 1602 de
370 1537 488 1602 consto
510 1541 544 1602 et
564 1533 743 1619 imperfecto
764 1533 929 1617 proposita
952 1533 1054 1618 opinio
1077 1532 1182 1618 fluxit;
1204 1533 1265 1601 huc
1287 1534 1425 1628 accedit,
1448 1535 1531 1619 quod

308 1667 339 1732 p.
364 1649 402 1712 11
420 1657 473 1738 sq.
501 1647 652 1729 diximus,
680 1647 798 1713 Romae
820 1643 956 1713 artifices
977 1645 1009 1711 in
1032 1643 1145 1711 statuis
1167 1644 1291 1729 publice
1311 1646 1424 1728 positis
1446 1646 1532 1713 haud

310 1778 403 1842 saepe
430 1760 597 1844 inscriptos
625 1759 731 1826 luisse.
781 1758 868 1826 Haec
897 1763 1003 1824 autem
1032 1775 1114 1854 quae
1140 1756 1180 1824 de
1207 1757 1307 1824 Plinio
1338 1759 1468 1842 exposui
1495 1776 1532 1826 eo

243 1857 244 1860 ¹
308 1871 482 1957 paullulum
510 1870 634 1939 firmata
663 1871 827 1950 videntur,
855 1869 939 1952 quod
968 1867 1151 1950 Lessingius
1180 1885 1319 1952 quoque,
1350 1871 1401 1937 cui
1432 1870 1532 1938 solum

308 1983 525 2066 inscriptiones
552 1984 583 2050 iu
614 1982 707 2050 Italia
733 1986 878 2065 repertae
906 1983 1033 2064 praesto
1069 1983 1160 2048 erant
1193 1980 1225 2046 in
1257 1980 1390 2048 similem
1424 1981 1534 2048 incidit

311 2112 457 2162 errorem.
489 2094 656 2180 (moroan,
679 2094 764 2180 §27-
786 2093 832 2161 VI
852 2111 883 2176 p.
899 2091 961 2155 202
989 2091 1037 2157 ed.
1059 2089 1147 2174 min.)

398 2898 469 2966 Jam
491 2896 632 2966 venimus
662 2897 703 2964 ad
735 2897 933 2981 quaestiones
962 2897 1002 2965 de
1029 2897 1173 2980 patribus
1200 2901 1236 2966 etw
1262 2898 1302 2964 de
1328 2897 1459 2966 ethnicis
1488 2899 1538 2967 vel

313 3010 476 3080 dometicis
504 3009 661 3091 inscriptis
688 3008 914 3092 instituendas,
945 3009 986 3077 ad
1014 3025 1092 3090 quas
1118 3010 1204 3095 ipsas
1231 3013 1399 3094 antequam
1427 3029 1559 3095 aggre,

312 3122 429 3205 dimur,
459 3140 521 3206 qua
543 3138 638 3189 caiisa
659 3120 745 3188 ducti
768 3121 801 3187 in
823 3119 893 3187 illas
916 3122 1095 3189 accuratius
1117 3121 1388 3205 inquisiverimus,
1410 3124 1538 3192 videtur

310 3233 583 3321 praemittendum.
1129 3243 1130 3246 ’

357 3417 362 3424 ,
397 3346 513 3414 Omnes
528 3345 619 3428 enim,
634 3344 688 3429 qui
703 3345 768 3412 suis
783 3344 961 3414 nominibus
975 3346 1187 3430 praenomina,
1202 3347 1396 3432 cognomina,
1411 3352 1541 3433 patrum

312 3461 439 3528 nomina
459 3458 588 3538 addunt
610 3478 647 3528 eo
670 3458 798 3528 consilio
820 3459 948 3544 faciunt,
970 3464 1008 3527 ut
1028 3477 1123 3542 quam
1144 3460 1378 3528 accuratissime
1397 3461 1438 3530 ab
1454 3459 1535 3544 aliis,

313 3571 367 3658 qui
384 3571 494 3642 cadem
509 3572 635 3640 nomina
649 3571 763 3656 ienmt,
786 3573 1000 3658 sejungantur.
1034 3572 1146 3641 Graeci
1161 3578 1277 3656 autem
1291 3573 1406 3657 quippe
1421 3573 1538 3656 quibus

312 3684 442 3769 gentilia
464 3683 591 3752 nomina
614 3684 767 3761 deessent
790 3685 891 3768 patrie
911 3689 945 3753 et
962 3685 1084 3769 patriae
1098 3685 1288 3753 mentionem
1303 3684 1461 3769 negligere
1476 3705 1542 3754 non

313 3800 492 3882 potuerunt,
514 3796 574 3864 nisi
597 3795 657 3864 alio
680 3797 818 3881 quodam
840 3796 955 3864 indicio
978 3795 1095 3864 nomini
1117 3797 1240 3881 adJecto
1262 3815 1326 3864 non
1347 3803 1432 3879 erat,
1454 3799 1542 3881 quod

313 3915 507 3994 vererentur,
533 3929 572 3978 ne
594 3927 664 3977 cum
687 3907 757 3975 aliis
780 3907 1054 3976 confunderentur.
1098 3907 1189 3987 Quod
1211 3907 1243 3975 in
1266 3907 1403 3976 artifices
1425 3908 1541 3978 cadere

313 4041 403 4090 nemo
426 4027 490 4106 est,
518 4021 594 4104 quin
615 4020 759 4105 protinus
781 4020 952 4104 intelligat:
980 4037 1041 4088 non
1064 4021 1146 4088 enim
1167 4022 1194 4088 si
1216 4020 1435 4106 inscriptiones
1464 4022 1542 4106 legi-

314 4153 383 4202 mus
405 4135 479 4202 has:

587 4219 764 4308 Δημήτριος
785 4216 922 4305 ἐποίησε,
948 4217 1114 4306 Θεόδωρος
1136 4218 1264 4308 ἐποίησε

315 4331 354 4398 de
375 4331 518 4414 quolibet
545 4331 717 4416 cogitamus
740 4329 899 4397 Demetrio
925 4331 974 4397 vel
995 4331 1173 4412 luendum,
1202 4333 1259 4400 sed
1286 4333 1325 4401 de
1353 4331 1537 4402 artificibus.

382 4608 448 4662 ¹rin
471 4607 544 4662 aliter
563 4607 678 4678 judicas,
707 4605 806 4668 Plinius
829 4606 951 4660 corutum
972 4623 1074 4676 prorsus
1097 4608 1225 4678 neglexit,
1253 4610 1347 4680 quippe
1370 4608 1415 4680 qui
1437 4624 1542 4679 semper

315 4703 381 4750 aret
397 4696 424 4749 in
441 4713 499 4749 usu.
