3330 5378
302 643 467 713 laudandis
483 663 557 712 vero
574 645 753 713 auctoribus
776 649 808 711 et
830 643 1053 727 interpretibus
1076 662 1144 710 eam
1161 644 1243 710 viam
1259 645 1418 729 ingressus
1446 661 1524 728 snm,

169 743 173 746 ’
304 755 341 816 ut
362 753 395 814 et
416 749 470 830 qui
492 749 692 832 peculiariter
713 748 754 815 de
769 748 875 832 aliquo
900 749 996 814 titulo
1010 749 1240 831 disserueram,
1262 750 1400 831 citarem,
1423 756 1455 816 et
1473 750 1527 832 qui

302 853 394 921 facile
416 852 552 919 adeundi
580 852 686 935 plures
711 851 815 918 sontes
845 852 1030 918 indicarunt.
1076 852 1194 919 Deinde
1216 871 1287 918 cum
1309 850 1526 920 adnotationes

304 956 459 1038 longiores
481 954 676 1038 fugerentur,
698 991 739 1002 -
763 955 795 1020 in
819 955 1046 1038 diversissimas
1068 958 1150 1024 euim
1172 960 1278 1038 partes
1300 956 1526 1021 traxissent—

302 1059 403 1124 omnis
425 1059 456 1125 in
480 1058 657 1141 digerendis
679 1058 778 1124 titulis
795 1077 870 1124 cura
885 1058 988 1138 posita
1002 1063 1068 1134 'est3
1091 1060 1181 1142 cujus
1197 1058 1325 1124 ordinis
1338 1076 1433 1124 causa
1455 1077 1525 1124 cunr

301 1169 358 1229 aot
381 1163 413 1228 in
438 1162 613 1229 litterarum
636 1161 743 1228 iormis
767 1169 824 1228 aut
845 1163 878 1228 in
893 1164 986 1230 rebus
1009 1163 1058 1230 vel
1072 1162 1248 1230 homiuibus
1263 1163 1442 1228 memoratis
1457 1182 1525 1229 ver·

301 1272 400 1347 setnr,
424 1262 575 1351 imprimis
597 1267 628 1332 in
644 1266 836 1334 Rhodiorum
860 1268 958 1333 titulis
982 1269 1135 1352 (65—84)
1160 1267 1303 1335 uberiore
1325 1271 1398 1350 eget
1420 1267 1525 1351 dispu-

302 1370 435 1452 tatione,
465 1383 574 1450 quam,
604 1371 630 1435 si
653 1369 770 1452 placet,
800 1369 861 1436 alio
890 1371 1047 1452 quondam
1074 1371 1142 1437 loco
1171 1389 1351 1453 proponam.
1397 1369 1459 1436 Sed
1488 1376 1526 1436 ut

302 1473 423 1541 facilius
453 1479 676 1556 cognoscatur,
700 1492 780 1557 quae
802 1474 1041 1556 prolegomenon
1070 1481 1176 1556 partes
1198 1475 1229 1539 in
1255 1475 1393 1558 singulos
1416 1475 1524 1542 titulos

302 1578 424 1658 cadant,
451 1582 635 1660 conspectus
657 1597 687 1660 p.
712 1578 774 1640 194
785 1594 852 1659 sqq.
876 1578 1017 1644 adiectus
1040 1583 1097 1644 est.

367 1681 509 1764 Denique
523 1682 618 1747 etiam
631 1700 694 1762 eas,
706 1699 786 1764 qnae
797 1681 941 1764 opificum
957 1682 1166 1766 potiusquam
1181 1681 1364 1766 artificum)
1380 1683 1525 1751 videntur

304 1784 531 1867 inscriptiones,
555 1783 670 1861 addidi,
687 1784 795 1867 quales
811 1791 885 1850 sunt
899 1791 1025 1867 praeter
1038 1784 1206 1866 lapidarios
1222 1785 1265 1868 (p.
1283 1787 1341 1850 151
1356 1785 1437 1868 sqq.)
1449 1787 1523 1853 hae:

302 1906 365 1973 tab.
389 1905 437 1971 Ia.
467 1904 598 1986 liquor
622 1904 743 1991 ἔγραφέ
761 1929 812 1990 με,
834 1906 866 1970 in
889 1904 984 1972 Creta
1005 1905 1107 1971 insula
1129 1925 1156 1970 v.
1180 1924 1209 1987 p.
1235 1906 1304 1987 194,
1329 1907 1399 1970 191.

409 2009 438 2075 1).
460 2007 620 2094 Πρακσίλα
644 2008 730 2094 [iqui
758 2009 931 2095 θὰρίμακὸς
952 2008 1045 2084 inore,
1067 2009 1187 2074 Therae
1210 2029 1237 2072 v.
1260 2029 1290 2092 p.
1315 2011 1384 2086 194,
1410 2012 1479 2074 197.

467 2112 504 2178 cl.
517 2111 651 2178 Boeekh.
671 2112 825 2194 Abhdlgn.
842 2114 871 2179 d.
884 2111 965 2178 Berl.
978 2111 1078 2178 Alrad.
1096 2113 1178 2178 1836
1193 2134 1223 2197 p.
1238 2115 1277 2177 69
1285 2131 1351 2198 sqq.
1364 2114 1404 2179 18
1417 2116 1482 2179 ιι.4.
1493 2116 1522 2179 6.

361 2212 438 2282 VIc.
461 2213 646 2300 Παρμένων,
669 2215 850 2297 lapidariuS,
873 2217 968 2282 Thasi
989 2237 1018 2281 v.
1041 2236 1070 2297 p.
1097 2218 1166 2298 194,
1191 2217 1261 2280 198.

304 2337 418 2419 quibus
441 2335 528 2419 origo
544 2341 576 2402 et
598 2336 731 2402 historia
753 2338 989 2420 inscriptionum
1004 2340 1084 2404 bene
1106 2336 1311 2404 illustrantur.
1347 2338 1436 2417 quod
1451 2340 1523 2406 sub-

304 2439 418 2504 sidium
439 2440 566 2505 minime
588 2446 657 2506 erat
678 2440 914 2524 negligendum:
944 2458 1132 2522 quamquam
1161 2441 1242 2505 enlm
1264 2459 1301 2505 ex
1324 2440 1431 2507 tabula
1452 2460 1523 2524 geo·

308 2544 459 2627 graphica
480 2549 512 2609 et
527 2548 694 2625 conspectu
713 2543 755 2626 (p.
775 2543 836 2610 VII
851 2543 911 2624 sq.)
927 2549 1128 2623 monstratur,
1152 2544 1252 2610 titulis
1267 2550 1340 2625 apte
1355 2545 1522 2628 dispositis,

305 2647 418 2731 quibus
441 2647 516 2714 locis
545 2651 577 2713 et
599 2649 791 2733 temporibus
819 2667 871 2714 ars
893 2650 1048 2714 statuario
1074 2653 1106 2714 et
1128 2647 1289 2730 sculptura
1311 2654 1344 2714 et
1365 2648 1454 2714 initia
1474 2666 1523 2714 ce

305 2751 410 2834 perint
438 2757 471 2818 et
498 2753 652 2818 creverint
682 2757 715 2818 et
740 2753 848 2833 lapsae
871 2753 948 2834 sint,
977 2753 1026 2819 vel
1055 2751 1259 2834 scriptoribus
1289 2771 1350 2818 non
1377 2752 1523 2819 adhibitis

306 2853 445 2936 elucere,
474 2861 578 2920 tamen
601 2856 783 2938 procopia,
813 2873 907 2936 quam
937 2856 1010 2922 olim
1037 2854 1135 2922 fuisse
1157 2855 1345 2921 credendum
1368 2861 1431 2936 est,
1458 2861 1523 2921 tam

307 2977 427 3041 paucae
449 2958 666 3040 inscriptiones
688 2957 790 3024 adhuc
811 2959 1029 3039 innotuerunt,
1058 2965 1094 3024 ut
1115 2959 1192 3024 nihil
1219 2959 1296 3026 certi
1321 2965 1428 3041 posset
1450 2977 1523 3026 enu-

307 3061 410 3138 cleari,
433 3062 493 3126 nisi
516 3060 763 3144 quamplurima
785 3068 818 3128 et
840 3082 877 3128 er
899 3063 968 3128 aliis
991 3063 1090 3129 titulis
1112 3067 1144 3129 et
1166 3082 1204 3129 ex
1226 3062 1350 3144 scriptis
1373 3067 1524 3144 vetemm,

307 3183 388 3248 quae
413 3165 452 3230 ad
475 3163 610 3230 artifices
625 3165 791 3246 pertinent,
814 3167 927 3232 auxilio
943 3173 1137 3233 vocarentur.
1172 3168 1276 3250 Atque
1290 3165 1349 3232 boc
1372 3172 1440 3242 erat
1453 3184 1524 3249 pro

306 3269 490 3351 legomenon
517 3267 608 3352 (uide
629 3288 659 3351 p.
684 3269 737 3352 7),
772 3271 938 3350 inquibus
965 3271 1111 3337 brevitati
1139 3270 1264 3352 quidem
1297 3269 1337 3334 de
1370 3269 1525 3335 industria

306 3373 426 3454 studui,
459 3389 561 3451 neque
588 3373 753 3452 quicquam
783 3374 867 3438 volui
897 3373 1025 3448 afferre,
1057 3361 1151 3456 quim
1181 3392 1261 3457 quae
1290 3371 1453 3438 manifesto
1486 3391 1524 3438 err

306 3476 406 3541 titulis
436 3475 567 3558 digestis
595 3480 628 3542 et
654 3474 774 3542 collatis
802 3478 950 3558 consequi
978 3478 1178 3552 videbantur,
1211 3478 1257 3542 ita
1289 3483 1325 3542 ut
1353 3475 1524 3559 legentium

306 3580 410 3646 studia
431 3599 493 3646 non
515 3585 580 3644 tarn
601 3579 764 3661 praeclusa
785 3581 857 3660 sint,
879 3597 973 3661 qnam
996 3581 1099 3662 potius
1121 3579 1310 3664 flagitentur.

393 3701 574 3768 Scribebam
596 3701 731 3766 Berolini
752 3701 781 3765 d.
804 3701 907 3768 XXIV
929 3719 969 3765 rn.
993 3699 1118 3768 Octobr.
1143 3699 1379 3767 MDGOCLXX.

372 3911 395 3980 1)
418 3925 571 3978 quamquam
596 3909 624 3963 C.
646 3906 689 3960 121.
706 3907 851 3960 Hermanno
873 3907 962 3974 (Stud.
986 3909 1012 3959 d.
1034 3927 1070 3976 gr.
1088 3909 1224 3961 Koenstler
1248 3927 1272 3978 p.
1291 3911 1324 3966 46
1348 3917 1397 3960 not
1418 3910 1451 3974 9)
1473 3927 1524 3963 non

309 3998 501 4052 eoncedendum
519 4005 565 4059 eet,
583 3993 687 4062 opifices
704 4003 728 4046 et
747 3994 854 4060 artifices
871 3995 1020 4047 aRomanie
1038 3995 1127 4048 eodem
1145 3996 1197 4048 fere
1215 3996 1289 4047 modo
1308 3995 1440 4048 dictinctos
1457 4013 1524 4058 ease,

308 4095 385 4154 atque
407 4103 423 4136 a
440 4085 512 4136 nobie
530 4081 708 4134 Haodroerker
725 4089 750 4134 et
768 4079 919 4146 Kaenuler,
940 4091 1026 4134 tamen
1050 4101 1082 4134 ue
1106 4085 1188 4136 oratio
1206 4083 1291 4135 debito
1309 4083 1390 4151 magis
1414 4083 1524 4150 impedi·

309 4183 393 4234 retur,
420 4171 465 4224 ill·
482 4173 559 4224 rerba
580 4171 681 4237 saepius
700 4167 747 4221 hac
765 4169 888 4222 sententia
905 4173 1036 4236 usurpari3
1062 4170 1212 4238 plerumque
1234 4178 1316 4221 autem
1339 4168 1476 4220 etatum-ior
1500 4179 1526 4222 et

310 4261 448 4326 sculptores
459 4260 583 4312 nomiarrri
596 4286 626 4296 —
640 4265 762 4311 normales
774 4257 881 4310 dixerint
893 4256 1009 4309 bildrada
1019 4255 1158 4308 Kuearler
1168 4276 1212 4309 -τ
1225 4255 1374 4308 biduarium
1387 4256 1453 4307 enim
1465 4273 1525 4312 oum

309 4364 384 4409 esee,
403 4348 447 4413 qui
465 4353 562 4398 statuae
580 4363 610 4398 ex
628 4361 686 4397 aere
697 4343 785 4405 efficit,
803 4361 853 4396 non
871 4352 922 4407 est,
941 4344 1008 4411 quod
1025 4343 1177 4396 testimoniis
1192 4343 1306 4408 ¹firmetur
1324 4342 1404 4408 (ride,
1422 4342 1443 4393 ei
1461 4343 1525 4396 tanti

310 4443 358 4496 ert,
377 4433 483 4497 Quintil.
496 4433 530 4496 11,
549 4433 591 4494 21,
611 4433 643 4488 10
660 4432 692 4482 cl.
705 4449 730 4498 p.
745 4430 821 4499 175);
838 4430 988 4495 irruptorem
1005 4429 1112 4482 eundem
1130 4446 1160 4480 ao
1176 4437 1288 4480 noenum
1306 4426 1525 4481 Marmor-hildam

310 4521 379 4571 hand
398 4521 486 4586 paucis
504 4520 627 4586 probavit,
647 4535 679 4570 ne
696 4517 840 4568 remotiores
859 4516 942 4574 citam,
960 4515 1132 4578 Porcelliniue,
1150 4532 1224 4583 quern
1242 4515 1298 4566 vide
1318 4531 1338 4568 a.
1350 4533 1372 4567 v.
1397 4515 1429 4570 oi.
1446 4516 1525 4569 etiem

176 4661 180 4668 ,
310 4608 330 4661 l.
349 4606 433 4674 Sillig.
452 4605 525 4660 catal,
545 4606 619 4656 artiff.
636 4606 739 4673 praefat.
758 4622 782 4672 p.
802 4603 861 4654 VIII
878 4621 916 4670 eq.

801 4752 1042 4762 Μ
