3344 5376
807 466 1042 532 -132-

886 655 957 725 153.

397 765 480 831 Melo
503 767 535 833 in
556 757 965 854 1111111111161111111161111,
989 789 1082 854 quam
1104 770 1144 836 ad
1167 769 1321 838 Venerem
1342 770 1429 836 iliam
1454 769 1538 838 cele*

314 879 498 956 bertinum,
533 899 614 964 quas
646 900 729 949 nunc
761 883 793 947 in
826 899 933 950 museo
966 883 1108 950 Parisino
1146 888 1341 962 asservatur,
1377 884 1545 965 pertinere

315 991 464 1057 traditum
492 998 541 1058 est
570 992 620 1075 (oi.
648 993 706 1060 hac
738 995 776 1062 de
805 1013 839 1060 re
867 997 903 1060 A.
933 995 972 1061 de
998 993 1190 1079 Longperier
1218 994 1301 1078 apud
1328 993 1543 1062 Friederichs.

314 1101 484 1171 Baustenne
505 1122 535 1185 p.
551 1105 645 1188 334)³
726 1190 959 1278 ’Appfflaodpos
980 1190 1116 1279 Μηνίδον

694 1298 861 1391 Ἀντιοχεὺς
881 1301 942 1366 ἀπὸ
965 1303 1146 1389 Μαιάνδρου

840 1412 993 1500 ἐποίησεν.

313 1527 370 1592 sed
394 1525 510 1593 diserte
529 1509 612 1590 hune
634 1525 760 1590 titulum
782 1526 823 1591 ad
844 1525 929 1590 illam
952 1530 1089 1591 statuam
1117 1526 1272 1608 pertinere
1300 1526 1429 1609 negavit
1451 1525 1541 1594 Guil.

312 1637 452 1704 Frdhner
474 1637 586 1721 (deser.
610 1637 709 1703 musei
730 1636 864 1702 Parisini
886 1637 1019 1703 Louvre.
1038 1637 1172 1731 resep.
1191 1638 1252 1700 176
1275 1636 1334 1719 aq.)

884 1811 954 1875 154.

397 1919 480 1986 Meto
502 1921 533 1987 in
556 1921 659 1987 insula
681 1921 712 1987 in
735 1927 845 1990 trunco
864 1921 985 1989 arboris
996 1922 1088 2004 Juxta
1103 1921 1250 1988 Mercurii
1266 1926 1404 1987 statuam
1421 1941 1541 1994 marm.

310 2033 405 2114 Parii,
428 2052 508 2118 quae
530 2051 613 2099 nune
635 2038 684 2099 est
705 2032 843 2100 Berolini
865 2035 897 2098 in
921 2051 1027 2101 museo
1051 2035 1094 2117 (n.
1112 2033 1203 2114 219);

804 2141 983 2233 Ἀντιφάνης

809 2245 1011 2333 θρασωνὶὃνν

806 2348 926 2438 Πάριος
947 2351 1049 2416 ἐποίει.

882 2525 952 2589 155.

393 2636 473 2700 Meti
494 2637 525 2704 in
548 2636 617 2703 basi
640 2656 659 2702 a
681 2636 805 2702 theatro
827 2636 1069 2717 septentrionem
1093 2653 1202 2700 verens
1225 2633 1250 2700 0
1272 2635 1337 2702 iere
1359 2638 1504 2718 medus:

655 2751 674 2812 d
698 2749 798 2838 δῆμος
820 2753 881 2812 τῶν
904 2748 1028 2812 Matios
1049 2747 1192 2832 ἐτίμασεν

656 2861 710 2924 τὰν
727 2856 845 2945 Ῥώμαν
869 2859 959 2924 εἰκόνι
975 2859 1094 2948 χαλκέᾳ

655 2975 702 3038 καὶ
724 2975 871 3060 στεφάνῳ
889 2971 1019 3061 χρυσέῳ

654 3086 771 3174 ἀρετῆς
793 3084 882 3148 ἕνεκα
905 3069 952 3148 rui
973 3084 1058 3170 edep-

533 3247 540 3260 .
654 3196 760 3280 ysaia(
776 3173 825 3267 ἐἰς
848 3194 967 3261 ἑαυτόν.

654 3332 839 3423 Πολυάνθης
860 3333 1049 3420 Σωκράτεος

835 3445 987 3534 ἐποίησεν.

308 3560 370 3628 Sed
392 3560 603 3627 adnotandum
621 3560 759 3627 Pittuois.
784 3559 866 3626 huno
889 3557 1014 3625 titulum
1037 3558 1229 3642 supplevisse
1251 3561 1353 3642 ipsum
1369 3579 1443 3630 esse
1460 3583 1537 3634 oon·

307 3663 430 3730 sessum.

833 3937 835 3940 .
878 3879 948 3944 166.

393 3987 534 4052 »Herae
555 3990 627 4056 olim
649 3989 679 4054 in
702 3993 806 4056 monte
829 3990 865 4054 1).
890 3989 1040 4074 Stephani
1065 3991 1096 4055 in
1125 3992 1232 4057 eodem
1262 3991 1377 4074 lapide,
1407 3998 1535 4078 partim

305 4103 338 4167 in
360 4095 467 4168 eodem
489 4103 587 4168 latere
609 4100 723 4183 partim
746 4101 776 4165 in
798 4100 931 4168 diversis
954 4103 1058 4183 plures
1081 4103 1300 4184 inscriptiones
1322 4112 1415 4171 sunt:

375 4265 431 4319 153.
450 4265 509 4315 Aeri
526 4266 631 4315 incisam
650 4261 730 4314 edidit
747 4263 852 4329 figuram
865 4264 929 4316 our.
942 4260 1040 4318 Mulier.
1054 4283 1193 4318 monnmm.
1205 4273 1253 4320 ret.
1266 4268 1333 4321 artis.
1343 4268 1368 4319 Π
1380 4270 1433 4323 ab.
1443 4271 1533 4339 XXV,

406 4350 464 4404 270.
483 4377 515 4387 -·
534 4350 561 4402 C.
573 4350 593 4402 1.
606 4348 703 4403 24355,
736 4345 854 4401 Brunnl
871 4367 895 4417 p.
909 4352 967 4405 606.
996 4351 1086 4405 Orerb.
1100 4351 1231 4414 6111264
1249 4351 1461 4412 adsedsione.
1475 4359 1494 4412 l.
1508 4379 1532 4416 e.

255 4465 259 4476 ·
375 4436 430 4492 154.
449 4435 477 4488 O.
496 4435 515 4490 1.
534 4435 558 4484 11
577 4452 601 4488 n.
616 4435 691 4489 2135.
733 4433 762 4487 Ε.
781 4435 901 4486 Gerhord.
925 4435 1022 4487 Berlins
1045 4437 1131 4489 antiko
1147 4436 1291 4490 Bildwerke
1317 4457 1341 4507 p.
1360 4442 1395 4498 75
1420 4462 1448 4496 n.
1471 4450 1532 4506 lm,

439 4520 556 4573 Brenni
573 4537 598 4587 p.
611 4521 668 4575 605.
705 4520 796 4572 Overb.
815 4519 866 4582 SQ.
879 4521 956 4577 2295.

373 4608 429 4662 155.
445 4601 535 4674 ’Eppia
555 4607 629 4662 3507.
665 4603 760 4658 Brunn.
778 4605 885 4658 bullario
901 4606 967 4662 1860
984 4624 1009 4674 p.
1022 4609 1063 4664 56.
1100 4608 1190 4662 Overb.
1207 4610 1259 4673 SQ.
1270 4611 1348 4667 2294.

371 4696 429 4751 156.
449 4695 475 4746 C.
494 4693 514 4747 1.
532 4693 556 4742 Π
574 4695 688 4754 ndito.
724 4693 816 4746 Brnnn.
835 4694 894 4746 hist.
912 4694 1014 4746 araim
1031 4713 1055 4762 p.
1068 4697 1131 4760 608.
