3330 5378
641 495 850 566 ..57-

135 690 343 771 architectus,
378 689 432 774 qui
461 690 549 757 Jovis
580 688 715 772 Olympii
744 689 895 773 templum
924 695 1103 758 extruxerat
1131 691 1182 775 (V,
1214 691 1271 772 10,
1300 691 1354 775 3.).

137 801 241 884 Atque
269 802 328 867 hoc
356 801 524 868 memoriae
552 801 772 884 propagandae
800 819 899 884 genus
932 820 1003 869 cum
1033 822 1071 869 ex
1098 803 1221 885 patriae
1250 821 1356 870 amore

134 913 308 1002 proiectum
335 919 435 994 esset,
469 931 540 978 mox
570 917 656 980 certe
682 913 704 978 ii
732 913 919 996 extiterunt,
955 914 1008 996 qui
1041 914 1074 980 id
1102 915 1261 996 negotium
1296 914 1356 983 sibi

135 1030 324 1105 sumserunt,
346 1025 528 1106 exegetae1,
551 1025 606 1108 qui
631 1024 789 1107 »hospites
810 1025 852 1091 ad
875 1044 927 1108 ea,
952 1043 1033 1108 quae
1054 1025 1184 1093 visenda
1205 1031 1280 1092 sunt
1301 1026 1356 1093 du-

135 1155 207 1204 cere
229 1135 332 1203 solent
353 1141 386 1203 et
408 1137 643 1221 unumquidque
665 1136 849 1204 ostendere«
875 1136 953 1221 (Cic.
969 1137 1001 1203 in
1014 1138 1103 1204 Verr.
1127 1144 1188 1204 sut.
1201 1138 1235 1204 11
1253 1155 1298 1204 or.
1311 1138 1356 1204 IV

135 1248 259 1334 5132),
287 1266 365 1332 quos
394 1243 560 1332 praecipue
591 1249 622 1315 in
650 1249 820 1331 praeclaris
849 1250 980 1317 urbibus
1011 1255 1044 1316 et
1070 1249 1193 1334 templis
1220 1250 1355 1318 familiae

134 1347 266 1427 mncnlis
294 1379 448 1428 connexos
476 1360 594 1428 fuisse2
621 1365 864 1429 consentaneum
893 1367 942 1430 est
972 1363 1030 1444 ita,
1061 1367 1099 1429 ut
1126 1381 1147 1428 α
1174 1367 1266 1444 patre
1292 1360 1356 1430 filio

133 1488 215 1555 quae
235 1473 386 1540 memoria
408 1473 503 1557 digna
526 1477 630 1556 erant,
657 1473 874 1557 proderentur.
920 1474 964 1539 Et
984 1473 1031 1540 illi
1058 1472 1213 1540 artificum
1240 1491 1356 1540 memo·
1415 1541 1418 1548 ,

134 1585 213 1652 riam
241 1591 422 1668 servarunt3
450 1604 514 1652 non
541 1604 616 1652 vero
644 1585 782 1669 cujusvis
810 1586 914 1668 operis
943 1591 1103 1653 auctorem
1129 1585 1264 1668 posteris
1293 1590 1357 1652 tru-

133 1697 295 1764 diderunt:
318 1697 364 1763 ita
381 1697 446 1780 jam
469 1697 648 1765 Herodotus
669 1715 739 1764 cum
763 1698 789 1779 I,
812 1697 851 1762 51
878 1697 1072 1765 enarraverit
1093 1717 1114 1764 α
1136 1697 1251 1766 Croeso
1275 1700 1356 1765 duos

134 1815 284 1887 crateras,
306 1813 489 1894 argenteum
512 1815 545 1876 et
566 1829 697 1877 aureum
716 1809 853 1894 Delphos
875 1810 988 1876 missos
1011 1829 1088 1890 esse,
1112 1827 1228 1877 aureus
1250 1829 1270 1876 α
1291 1829 1355 1893 quo

132 1921 291 2006 perfectus
314 1928 407 2002 esset,
429 1939 619 2006 quamquam
638 1922 725 1989 haud
747 1922 841 1990 dubie
862 1923 1033 2007 pretiosior
1052 1921 1123 2003 fuit,
1145 1941 1207 1989 non
1221 1921 1356 2003 rettulit,

133 2051 205 2100 cum
225 2039 409 2117 argenteum
431 2033 585 2100 Theodori
601 2033 699 2101 Samii
720 2052 799 2117 opus
822 2052 891 2101 esse
913 2034 1080 2100 tradiderit
1092 2033 1136 2098 ‘oo’
1158 2034 1220 2120 γὰρ
1235 2034 1269 2098 τὸ
1284 2055 1355 2098 συν-

137 2147 227 2234 τυχὸν
250 2143 392 2231 φαίνεταί
408 2169 463 2230 μοι
483 2143 576 2231 ἔργον
591 2144 682 2228 εἶνατ;
703 2147 811 2227 itaque
825 2147 909 2230 quod
923 2151 1007 2214 arte
1023 2145 1166 2214 effectum
1182 2151 1239 2222 est,
1262 2146 1356 2212 etiam

136 2255 288 2324 artificem
308 2256 501 2339 nobilitavit,
522 2257 607 2342 quod
629 2276 666 2323 eo
689 2259 790 2340 venit,
812 2265 866 2341 nt,
888 2258 1011 2325 etiarnsi
1032 2275 1155 2340 eorum,
1186 2257 1239 2338 qui
1260 2275 1356 2341 opera

134 2369 370 2446 dedicaverant,
400 2369 526 2436 nomina
555 2369 736 2437 oblitterata
764 2374 874 2453 eraut,
904 2375 1050 2437 auctores
1078 2388 1141 2436 non
1168 2373 1274 2436 essent
1303 2369 1357 2436 ob·

133 2480 248 2548 livione
269 2481 392 2561 obruti3
421 2480 506 2563 quod
527 2481 703 2548 Pausaniae
725 2482 750 2564 I,
774 2483 803 2564 2,
826 2482 846 2546 3
869 2479 1086 2549 confirmatur:
1109 2478 1174 2546 ἔστι
1197 2480 1233 2546 δὲ
1255 2482 1357 2567 τάφος

134 2593 170 2656 αὐ
193 2593 304 2680 πόρρω
327 2597 388 2658 τῶν
410 2594 514 2658 πυλῶν
536 2591 673 2682 ἐπίθημα
697 2591 778 2684 ἔχων
800 2595 993 2682 στρατιώτην
1016 2594 1099 2681 ἵππῳ
1123 2593 1356 2682 παρεστηκότα·

132 2705 236 2769 ὅντινα
255 2708 313 2791 μὲν
336 2703 391 2771 οὐκ
411 2705 497 2784 olda,
528 2705 719 2796 Πραξιτέλης
745 2706 782 2771 δὲ
809 2708 861 2772 τὸν
889 2707 979 2772 ἵππον
1008 2708 1056 2772 καὶ
1083 2709 1136 2772 τὸν
1163 2706 1356 2794 στρατιώτην

133 2816 286 2906 ἐποίησεν.

220 2930 307 3009 Quae
323 2948 406 2998 cum
435 2930 481 2996 ita
509 2929 587 3014 sint,
617 2929 745 2998 summis
776 2929 947 2998 artificibus
976 2931 1064 2999 cordi
1094 2936 1178 2999 esset
1203 2948 1266 2999 non
1296 2929 1357 2997 fnit

133 3057 277 3122 necesse,
311 3045 348 3108 ut
375 3042 584 3110 inscriberent
611 3043 737 3109 nomina
766 3044 799 3109 in
829 3061 958 3128 operum
988 3044 1134 3126 basibus,
1166 3043 1352 3128 praesertim

134 3172 206 3221 cnm
227 3151 359 3222 artificia
386 3155 546 3238 publice
574 3156 719 3223 dedicata
745 3154 977 3238 perfecissemus
1021 3156 1102 3223 Nam
1129 3156 1234 3238 paullo
1262 3156 1354 3222 aliter

133 3283 186 3333 res
208 3283 243 3332 se
263 3266 400 3334 habebat
420 3268 452 3334 in
475 3269 669 3352 privatorum
691 3267 915 3348 monumentis,
945 3285 1023 3351 quos
1045 3265 1201 3336 artificum
1229 3267 1355 3336 laudem

134 3379 168 3444 in
190 3397 280 3444 suam
305 3380 437 3446 vertisse
459 3379 491 3444 in
513 3379 746 3463 epigrammatis
761 3379 968 3446 intelleximus
983 3398 1013 3462 p.
1028 3381 1092 3460 173v
1107 3380 1266 3446 ethorum
1281 3397 1356 3446 sane

132 3489 304 3573 plurimum
325 3489 491 3567 intererat,
521 3495 572 3572 ut,
601 3509 670 3558 cum
694 3509 831 3576 operas
858 3492 988 3558 summis
1016 3490 1189 3559 artificibus
1216 3491 1358 3576 perfecta

133 3602 333 3683 dedicarent,
366 3621 473 3670 eornm
503 3603 629 3670 nomina
657 3604 786 3671 basibus
819 3605 1081 3680 inscriberentur;
1114 3603 1187 3670 inde
1216 3597 1355 3670 Cresilae
1392 3590 1396 3610 '

131 3713 245 3780 titulus
268 3715 318 3797 16,
340 3714 506 3782 Praxitelis
529 3715 581 3798 30,
603 3716 770 3784 Leocharis
793 3721 825 3783 et
848 3715 1030 3784 Sthennidis
1052 3717 1104 3797 31,
1126 3715 1177 3780 32.

140 3871 341 3882 ————.—

202 3955 259 4008 lde
275 3956 317 4009 his
335 3955 474 4024 disputavit
489 3954 519 4007 Ir.
537 3955 668 4009 Prallerus
685 3957 712 4008 in
730 3956 795 4010 libro
813 3974 871 4026 qno,
889 3956 1034 4010 Polemonis
1052 3957 1195 4026 periegetas
1213 3958 1356 4026 fragmenta

130 4042 289 4096 continentur
305 4044 341 4110 (p.
356 4045 402 4099 161
422 4043 489 4110 sqq.)
506 4041 538 4098 ci.
557 4043 663 4096 Lobacls
681 4044 850 4112 Aglaopham.
868 4062 893 4113 p.
907 4045 1017 4101 tit-31.
1053 4045 1127 4108 Quod
1149 4043 1241 4112 conjici
1264 4044 1355 4112 potnit,

132 4137 250 4197 axagsm
273 4138 301 4181 nt
324 4129 350 4180 in
373 4128 466 4180 sabulis
492 4130 638 4183 enarrandis
661 4139 689 4182 at
712 4132 838 4199 lingendis
861 4131 964 4200 ingenis
987 4148 1034 4183 sus
1058 4133 1135 4184 nimis
1158 4131 1258 4183 curiosa
1281 4146 1353 4182 saar·

131 4217 252 4277 edissent,
270 4216 306 4268 ita
324 4233 404 4284 opera
421 4232 576 4269 summorum
594 4217 718 4270 artificum
736 4219 880 4270 nominibus
892 4217 1016 4271 immerito
1028 4219 1130 4285 saepius
1142 4233 1254 4279 ornasse,
1271 4215 1353 4267 rarius

130 4305 213 4359 luisse
229 4303 337 4355 ridetur.
372 4301 511 4355 Psnsaniaa
528 4303 596 4355 enim
613 4304 682 4356 haud
699 4319 795 4372 pancos
812 4305 921 4358 artifices
940 4304 1039 4367 attulit,
1059 4321 1122 4372 quos
1139 4303 1212 4356 valde
1229 4301 1355 4370 ignobiles

128 4391 210 4445 fuisse
228 4387 357 4458 probabile
375 4395 414 4440 ast
431 4388 476 4454 (si.
488 4387 521 4451 V,
542 4390 583 4457 23,
603 4389 628 4452 5,
648 4389 691 4452 v1,
711 4391 752 4452 14,
770 4391 787 4446 3
804 4408 827 4445 v.
846 4408 871 4459 p.
883 4390 936 4457 14).

202 4478 390 4543 ²exagctsrurn
408 4473 518 4527 familiae
535 4476 644 4537 inerunt,
663 4476 706 4543 qui
719 4477 763 4543 jns
782 4493 877 4530 sacrum
896 4477 1123 4545 interpretabantur
1135 4476 1162 4530 0.
1174 4477 1203 4531 F.
1217 4477 1354 4529 Harmsnn.

131 4561 326 4618 Gottesdianstl.
345 4561 499 4614 Altsrthiim.
519 4559 571 4629 §l,
594 4562 631 4616 12.
661 4561 769 4616 Phidiae
786 4579 851 4630 gans
869 4563 1033 4631 Phaedyntsa
1051 4565 1128 4616 Pans.
1139 4564 1173 4626 V,
1194 4563 1233 4627 14,
1250 4562 1275 4617 5.

201 4648 265 4700 ⁸its
281 4645 407 4710 Romani,
431 4648 531 4700 etiarnsi
547 4647 686 4701 voluissent
703 4651 739 4717 (v.
758 4667 783 4718 p.
798 4653 830 4707 10
847 4651 912 4719 sq),
935 4654 1025 4704 abluis
1043 4652 1123 4721 raptis
1141 4650 1289 4720 saepissime
1307 4665 1353 4703 au·

127 4746 229 4794 storum
246 4737 349 4790 nomina
365 4735 521 4789 subscribere
538 4753 590 4789 non
606 4738 756 4804 potuissent.
