<?xml version="1.0" encoding="UTF-8"?>
<!DOCTYPE html PUBLIC "-//W3C//DTD XHTML 1.0 Transitional//EN"
    "http://www.w3.org/TR/xhtml1/DTD/xhtml1-transitional.dtd">
<html xmlns="http://www.w3.org/1999/xhtml" xml:lang="en" lang="en">
 <head>
  <title>
</title>
<meta http-equiv="Content-Type" content="text/html;charset=utf-8" />
  <meta name='ocr-system' content='tesseract 3.04.00' />
  <meta name='ocr-capabilities' content='ocr_page ocr_carea ocr_par ocr_line ocrx_word'/>
</head>
<body>
  <div class='ocr_page' id='page_1' title='image "./titulistatuario00hirsgoog_0183.png"; bbox 0 0 3344 5376; ppageno 0'>
   <div class='ocr_carea' id='block_1_1' title="bbox 818 463 1049 527">
    <p class='ocr_par' dir='ltr' id='par_1_1' title="bbox 818 463 1049 527">
     <span class='ocr_line' id='line_1_1' title="bbox 818 463 1049 527; baseline 0 0"><span class='ocrx_word' id='word_1_1' title='bbox 818 463 1049 527; x_wconf 84' lang='lat'>-170-</span> 
     </span>
    </p>
   </div>
   <div class='ocr_carea' id='block_1_2' title="bbox 321 648 1547 1622">
    <p class='ocr_par' dir='ltr' id='par_1_2' title="bbox 323 648 1542 833">
     <span class='ocr_line' id='line_1_2' title="bbox 323 648 1542 734; baseline -0.002 -16"><span class='ocrx_word' id='word_1_2' title='bbox 323 657 478 718; x_wconf 75' lang='lat' dir='ltr'>certamen</span> <span class='ocrx_word' id='word_1_3' title='bbox 502 651 541 717; x_wconf 89' lang='lat' dir='ltr'>de</span> <span class='ocrx_word' id='word_1_4' title='bbox 563 669 597 716; x_wconf 88' lang='lat' dir='ltr'>se</span> <span class='ocrx_word' id='word_1_5' title='bbox 618 648 728 730; x_wconf 81' lang='lat' dir='ltr'>fecere,</span> <span class='ocrx_word' id='word_1_6' title='bbox 753 651 952 717; x_wconf 83' lang='lat' dir='ltr'>Menecraten</span> <span class='ocrx_word' id='word_1_7' title='bbox 977 650 1074 717; x_wconf 87' lang='lat' dir='ltr'>videri</span> <span class='ocrx_word' id='word_1_8' title='bbox 1097 649 1237 734; x_wconf 81' lang='lat' dir='ltr'>professi,</span> <span class='ocrx_word' id='word_1_9' title='bbox 1262 651 1317 717; x_wconf 83' lang='lat' dir='ltr'>sed</span> <span class='ocrx_word' id='word_1_10' title='bbox 1333 667 1403 716; x_wconf 82' lang='lat' dir='ltr'>esse</span> <span class='ocrx_word' id='word_1_11' title='bbox 1419 654 1542 716; x_wconf 73' lang='lat' dir='ltr'>nutura-</span> 
     </span>
     <span class='ocr_line' id='line_1_3' title="bbox 323 761 1086 833; baseline 0 -7"><span class='ocrx_word' id='word_1_12' title='bbox 323 763 382 827; x_wconf 91' lang='lat' dir='ltr'>lem</span> <span class='ocrx_word' id='word_1_13' title='bbox 405 761 644 826; x_wconf 82' lang='lat' dir='ltr'>Artemidorum.</span> <span class='ocrx_word' id='word_1_14' title='bbox 1083 825 1086 833; x_wconf 85' lang='grc'>,</span> 
     </span>
    </p>

    <p class='ocr_par' dir='ltr' id='par_1_3' title="bbox 321 871 1547 1622">
     <span class='ocr_line' id='line_1_4' title="bbox 407 871 1541 958; baseline -0.001 -20"><span class='ocrx_word' id='word_1_15' title='bbox 407 873 493 938; x_wconf 87' lang='lat' dir='ltr'>Haeo</span> <span class='ocrx_word' id='word_1_16' title='bbox 523 892 560 938; x_wconf 86' lang='lat' dir='ltr'>ex</span> <span class='ocrx_word' id='word_1_17' title='bbox 588 872 789 955; x_wconf 84' lang='lat' dir='ltr'>inscriptione</span> <span class='ocrx_word' id='word_1_18' title='bbox 819 875 920 958; x_wconf 87' lang='lat' dir='ltr'>operis</span> <span class='ocrx_word' id='word_1_19' title='bbox 950 871 1094 950; x_wconf 81' lang='lat' dir='ltr'>fluxisse,</span> <span class='ocrx_word' id='word_1_20' title='bbox 1127 876 1294 941; x_wconf 85' lang='lat' dir='ltr'>voluerunt</span> <span class='ocrx_word' id='word_1_21' title='bbox 1325 874 1468 941; x_wconf 91' lang='lat' dir='ltr'>nonnulli</span> <span class='ocrx_word' id='word_1_22' title='bbox 1496 893 1541 937; x_wconf 83' lang='lat' dir='ltr'>vv.</span> 
     </span>
     <span class='ocr_line' id='line_1_5' title="bbox 322 981 1542 1067; baseline -0.002 -16"><span class='ocrx_word' id='word_1_23' title='bbox 322 985 373 1051; x_wconf 90' lang='lat' dir='ltr'>dd.</span> <span class='ocrx_word' id='word_1_24' title='bbox 398 984 574 1067; x_wconf 79' lang='lat' dir='ltr'>(Petersem</span> <span class='ocrx_word' id='word_1_25' title='bbox 598 981 780 1066; x_wconf 83' lang='lat' dir='ltr'>Einleitung</span> <span class='ocrx_word' id='word_1_26' title='bbox 801 985 833 1049; x_wconf 89' lang='lat' dir='ltr'>in</span> <span class='ocrx_word' id='word_1_27' title='bbox 858 984 913 1050; x_wconf 87' lang='lat' dir='ltr'>dus</span> <span class='ocrx_word' id='word_1_28' title='bbox 937 983 1082 1050; x_wconf 86' lang='lat' dir='ltr'>Studium</span> <span class='ocrx_word' id='word_1_29' title='bbox 1105 986 1161 1052; x_wconf 88' lang='lat' dir='ltr'>der</span> <span class='ocrx_word' id='word_1_30' title='bbox 1184 984 1349 1052; x_wconf 80' lang='lat' dir='ltr'>Archaeol.</span> <span class='ocrx_word' id='word_1_31' title='bbox 1379 985 1486 1052; x_wconf 82' lang='lat' dir='ltr'>ubere.</span> <span class='ocrx_word' id='word_1_32' title='bbox 1516 1004 1542 1049; x_wconf 87' lang='lat' dir='ltr'>v.</span> 
     </span>
     <span class='ocr_line' id='line_1_6' title="bbox 321 1077 1540 1178; baseline 0 -18"><span class='ocrx_word' id='word_1_33' title='bbox 321 1095 556 1161; x_wconf 75' lang='lat' dir='ltr'>nneoerrensen</span> <span class='ocrx_word' id='word_1_34' title='bbox 572 1115 601 1177; x_wconf 77' lang='lat' dir='ltr'>p.</span> <span class='ocrx_word' id='word_1_35' title='bbox 616 1094 692 1170; x_wconf 81' lang='lat' dir='ltr'>1oo;</span> <span class='ocrx_word' id='word_1_36' title='bbox 708 1095 850 1178; x_wconf 65' lang='lat' dir='ltr'>neeges:</span> <span class='ocrx_word' id='word_1_37' title='bbox 866 1095 1046 1162; x_wconf 83' lang='lat' dir='ltr'>detentibb.</span> <span class='ocrx_word' id='word_1_38' title='bbox 1061 1077 1540 1163; x_wconf 79' lang='lat' dir='ltr'>mn.-unrr.xxrr111-xxxv1</span> 
     </span>
     <span class='ocr_line' id='line_1_7' title="bbox 321 1205 1547 1290; baseline 0.003 -22"><span class='ocrx_word' id='word_1_39' title='bbox 321 1226 351 1289; x_wconf 88' lang='lat' dir='ltr'>p.</span> <span class='ocrx_word' id='word_1_40' title='bbox 369 1206 422 1290; x_wconf 86' lang='grc'>71)</span> <span class='ocrx_word' id='word_1_41' title='bbox 450 1213 535 1272; x_wconf 89' lang='lat' dir='ltr'>reete</span> <span class='ocrx_word' id='word_1_42' title='bbox 561 1205 708 1282; x_wconf 76' lang='lat' dir='ltr'>fortusse,</span> <span class='ocrx_word' id='word_1_43' title='bbox 736 1225 923 1289; x_wconf 82' lang='lat' dir='ltr'>quemquem</span> <span class='ocrx_word' id='word_1_44' title='bbox 951 1207 1044 1272; x_wconf 83' lang='lat' dir='ltr'>etiam</span> <span class='ocrx_word' id='word_1_45' title='bbox 1072 1225 1110 1272; x_wconf 83' lang='lat' dir='ltr'>ex</span> <span class='ocrx_word' id='word_1_46' title='bbox 1136 1207 1250 1274; x_wconf 88' lang='lat' dir='ltr'>litteris</span> <span class='ocrx_word' id='word_1_47' title='bbox 1276 1207 1400 1289; x_wconf 85' lang='lat' dir='ltr'>seriptis</span> <span class='ocrx_word' id='word_1_48' title='bbox 1430 1207 1547 1273; x_wconf 81' lang='lat' dir='ltr'>heusta</span> 
     </span>
     <span class='ocr_line' id='line_1_8' title="bbox 322 1315 1543 1400; baseline 0 -17"><span class='ocrx_word' id='word_1_49' title='bbox 322 1335 390 1383; x_wconf 85' lang='lat' dir='ltr'>esse</span> <span class='ocrx_word' id='word_1_50' title='bbox 418 1324 557 1399; x_wconf 84' lang='lat' dir='ltr'>possunt.</span> <span class='ocrx_word' id='word_1_51' title='bbox 601 1317 692 1396; x_wconf 81' lang='lat' dir='ltr'>Quod</span> <span class='ocrx_word' id='word_1_52' title='bbox 721 1337 794 1383; x_wconf 89' lang='lat' dir='ltr'>vero</span> <span class='ocrx_word' id='word_1_53' title='bbox 816 1318 942 1398; x_wconf 85' lang='lat' dir='ltr'>quidum</span> <span class='ocrx_word' id='word_1_54' title='bbox 965 1317 1111 1400; x_wconf 81' lang='lat' dir='ltr'>graecum</span> <span class='ocrx_word' id='word_1_55' title='bbox 1140 1315 1372 1381; x_wconf 72' lang='grc' dir='ltr'><em>καθ’ὑοιίεσίαν</em></span> <span class='ocrx_word' id='word_1_56' title='bbox 1400 1338 1420 1382; x_wconf 81' lang='lat' dir='ltr'><strong>a</strong></span> <span class='ocrx_word' id='word_1_57' title='bbox 1442 1318 1543 1383; x_wconf 90' lang='lat' dir='ltr'>Plinio</span> 
     </span>
     <span class='ocr_line' id='line_1_9' title="bbox 321 1428 1546 1511; baseline -0.002 -17"><span class='ocrx_word' id='word_1_58' title='bbox 321 1428 475 1495; x_wconf 88' lang='lat' dir='ltr'>hocloco</span> <span class='ocrx_word' id='word_1_59' title='bbox 506 1430 538 1494; x_wconf 93' lang='lat' dir='ltr'>in</span> <span class='ocrx_word' id='word_1_60' title='bbox 568 1428 699 1494; x_wconf 83' lang='lat' dir='ltr'>latinum</span> <span class='ocrx_word' id='word_1_61' title='bbox 730 1447 854 1495; x_wconf 87' lang='lat' dir='ltr'>uersum</span> <span class='ocrx_word' id='word_1_62' title='bbox 884 1447 953 1494; x_wconf 88' lang='lat' dir='ltr'>esse</span> <span class='ocrx_word' id='word_1_63' title='bbox 982 1429 1199 1511; x_wconf 80' lang='lat' dir='ltr'>conjecerunt,</span> <span class='ocrx_word' id='word_1_64' title='bbox 1229 1429 1331 1493; x_wconf 89' lang='lat' dir='ltr'>minus</span> <span class='ocrx_word' id='word_1_65' title='bbox 1360 1435 1434 1509; x_wconf 82' lang='lat' dir='ltr'>epte</span> <span class='ocrx_word' id='word_1_66' title='bbox 1464 1429 1546 1495; x_wconf 83' lang='lat' dir='ltr'>verti</span> 
     </span>
     <span class='ocr_line' id='line_1_10' title="bbox 321 1541 532 1622; baseline 0.005 -17"><span class='ocrx_word' id='word_1_67' title='bbox 321 1558 383 1605; x_wconf 94' lang='lat' dir='ltr'>non</span> <span class='ocrx_word' id='word_1_68' title='bbox 405 1541 532 1622; x_wconf 85' lang='lat' dir='ltr'>potuit]</span> 
     </span>
    </p>
   </div>
   <div class='ocr_carea' id='block_1_3' title="bbox 899 1712 964 1795">
    <p class='ocr_par' dir='ltr' id='par_1_4' title="bbox 899 1712 964 1795">
     <span class='ocr_line' id='line_1_11' title="bbox 899 1712 964 1795; baseline 0.031 -19"><span class='ocrx_word' id='word_1_69' title='bbox 899 1712 964 1795; x_wconf 82' lang='lat' dir='ltr'>[no.</span> 
     </span>
    </p>
   </div>
   <div class='ocr_carea' id='block_1_4' title="bbox 240 1801 954 1932">
    <p class='ocr_par' dir='ltr' id='par_1_5' title="bbox 240 1801 954 1932">
     <span class='ocr_line' id='line_1_12' title="bbox 240 1801 954 1932; baseline 0.003 -20"><span class='ocrx_word' id='word_1_70' title='bbox 240 1860 242 1864; x_wconf 83' lang='grc'><strong>’</strong></span> <span class='ocrx_word' id='word_1_71' title='bbox 360 1803 364 1808; x_wconf 27' lang='lat'>¹</span> <span class='ocrx_word' id='word_1_72' title='bbox 406 1848 536 1931; x_wconf 92' lang='lat' dir='ltr'>Procop.</span> <span class='ocrx_word' id='word_1_73' title='bbox 560 1848 599 1915; x_wconf 88' lang='lat' dir='ltr'>de</span> <span class='ocrx_word' id='word_1_74' title='bbox 621 1801 702 1916; x_wconf 76' lang='lat' dir='ltr'>bello</span> <span class='ocrx_word' id='word_1_75' title='bbox 726 1849 819 1916; x_wconf 89' lang='lat' dir='ltr'>Goth.</span> <span class='ocrx_word' id='word_1_76' title='bbox 836 1851 892 1932; x_wconf 88' lang='lat' dir='ltr'>IV,</span> <span class='ocrx_word' id='word_1_77' title='bbox 914 1851 954 1914; x_wconf 81' lang='lat'>22</span> 
     </span>
    </p>
   </div>
   <div class='ocr_carea' id='block_1_5' title="bbox 320 1978 1552 2171">
    <p class='ocr_par' dir='ltr' id='par_1_6' title="bbox 320 1978 1552 2171">
     <span class='ocr_line' id='line_1_13' title="bbox 408 1978 1552 2062; baseline 0.003 -20"><span class='ocrx_word' id='word_1_78' title='bbox 408 1979 486 2060; x_wconf 82' lang='lat' dir='ltr'>(egit</span> <span class='ocrx_word' id='word_1_79' title='bbox 508 1978 547 2046; x_wconf 88' lang='lat' dir='ltr'>de</span> <span class='ocrx_word' id='word_1_80' title='bbox 569 1979 809 2061; x_wconf 81' lang='lat' dir='ltr'>Agamemnonis</span> <span class='ocrx_word' id='word_1_81' title='bbox 831 1983 912 2058; x_wconf 86' lang='lat' dir='ltr'>novi,</span> <span class='ocrx_word' id='word_1_82' title='bbox 935 1998 1015 2062; x_wconf 86' lang='lat' dir='ltr'>quee</span> <span class='ocrx_word' id='word_1_83' title='bbox 1039 1978 1182 2046; x_wconf 79' lang='lat' dir='ltr'>Geraesti</span> <span class='ocrx_word' id='word_1_84' title='bbox 1203 1980 1236 2045; x_wconf 94' lang='lat' dir='ltr'>in</span> <span class='ocrx_word' id='word_1_85' title='bbox 1258 1980 1408 2046; x_wconf 73' lang='lat' dir='ltr'>Euboeae</span> <span class='ocrx_word' id='word_1_86' title='bbox 1430 1979 1552 2062; x_wconf 88' lang='lat' dir='ltr'>oppido</span> 
     </span>
     <span class='ocr_line' id='line_1_14' title="bbox 320 2088 576 2171; baseline 0.004 -18"><span class='ocrx_word' id='word_1_87' title='bbox 320 2088 576 2171; x_wconf 67' lang='lat' dir='ltr'>ostendebamu:</span> 
     </span>
    </p>
   </div>
   <div class='ocr_carea' id='block_1_6' title="bbox 321 2224 1553 2786">
    <p class='ocr_par' dir='ltr' id='par_1_7' title="bbox 321 2224 1553 2786">
     <span class='ocr_line' id='line_1_15' title="bbox 405 2224 1553 2320; baseline 0.003 -31"><span class='ocrx_word' id='word_1_88' title='bbox 405 2225 487 2316; x_wconf 81' lang='grc' dir='ltr'>ἃδὴ</span> <span class='ocrx_word' id='word_1_89' title='bbox 509 2229 678 2312; x_wconf 76' lang='grc' dir='ltr'><em>γράμματα</em></span> <span class='ocrx_word' id='word_1_90' title='bbox 701 2226 734 2291; x_wconf 82' lang='grc' dir='ltr'>ἐν</span> <span class='ocrx_word' id='word_1_91' title='bbox 757 2227 853 2313; x_wconf 85' lang='grc' dir='ltr'><em>πλοίῳ</em></span> <span class='ocrx_word' id='word_1_92' title='bbox 877 2228 979 2313; x_wconf 83' lang='grc' dir='ltr'><em>τούτῳ</em></span> <span class='ocrx_word' id='word_1_93' title='bbox 1002 2226 1021 2315; x_wconf 71' lang='grc' dir='ltr'><em>ἦ</em></span> <span class='ocrx_word' id='word_1_94' title='bbox 1044 2226 1186 2316; x_wconf 76' lang='grc' dir='ltr'>τηνικάδε</span> <span class='ocrx_word' id='word_1_95' title='bbox 1205 2225 1225 2314; x_wconf 71' lang='grc' dir='ltr'><strong><em>ἣ</em></strong></span> <span class='ocrx_word' id='word_1_96' title='bbox 1241 2224 1553 2320; x_wconf 71' lang='grc' dir='ltr'><em>ὕστερονξοαθέντα</em></span> 
     </span>
     <span class='ocr_line' id='line_1_16' title="bbox 321 2336 1552 2428; baseline 0.003 -29"><span class='ocrx_word' id='word_1_97' title='bbox 321 2336 413 2426; x_wconf 73' lang='grc' dir='ltr'><em>δηλοῖ</em></span> <span class='ocrx_word' id='word_1_98' title='bbox 431 2337 464 2401; x_wconf 80' lang='grc' dir='ltr'>ἐν</span> <span class='ocrx_word' id='word_1_99' title='bbox 488 2338 662 2426; x_wconf 81' lang='grc' dir='ltr'><em>ἑξαμέτρῳ,</em></span> <span class='ocrx_word' id='word_1_100' title='bbox 685 2338 729 2402; x_wconf 85' lang='grc' dir='ltr'>ὧν</span> <span class='ocrx_word' id='word_1_101' title='bbox 752 2340 788 2402; x_wconf 86' lang='grc' dir='ltr'>τὰ</span> <span class='ocrx_word' id='word_1_102' title='bbox 808 2339 864 2419; x_wconf 85' lang='grc' dir='ltr'>μὲν</span> <span class='ocrx_word' id='word_1_103' title='bbox 888 2341 1013 2402; x_wconf 83' lang='grc' dir='ltr'><em>πλεῖστα</em></span> <span class='ocrx_word' id='word_1_104' title='bbox 1035 2338 1157 2426; x_wconf 74' lang='grc' dir='ltr'><em>ἐξίτηλα</em></span> <span class='ocrx_word' id='word_1_105' title='bbox 1174 2337 1283 2428; x_wconf 82' lang='grc' dir='ltr'><em>χρόνῳ</em></span> <span class='ocrx_word' id='word_1_106' title='bbox 1306 2340 1353 2424; x_wconf 80' lang='grc' dir='ltr'>τῷ</span> <span class='ocrx_word' id='word_1_107' title='bbox 1364 2341 1486 2424; x_wconf 75' lang='grc' dir='ltr'><em>μακρῷ</em></span> <span class='ocrx_word' id='word_1_108' title='bbox 1500 2339 1552 2422; x_wconf 73' lang='grc' dir='ltr'>γε’-</span> 
     </span>
     <span class='ocr_line' id='line_1_17' title="bbox 321 2444 1347 2536; baseline 0.003 -26"><span class='ocrx_word' id='word_1_109' title='bbox 321 2471 403 2531; x_wconf 67' lang='lat' dir='ltr'>poue,</span> <span class='ocrx_word' id='word_1_110' title='bbox 427 2449 521 2513; x_wconf 81' lang='grc' dir='ltr'><em>τὰδὲ</em></span> <span class='ocrx_word' id='word_1_111' title='bbox 545 2454 655 2536; x_wconf 84' lang='grc' dir='ltr'><em>πρῶτα</em></span> <span class='ocrx_word' id='word_1_112' title='bbox 678 2451 725 2513; x_wconf 79' lang='grc' dir='ltr'><em>καί</em></span> <span class='ocrx_word' id='word_1_113' title='bbox 748 2449 782 2520; x_wconf 80' lang='grc' dir='ltr'>ἐς</span> <span class='ocrx_word' id='word_1_114' title='bbox 805 2449 878 2513; x_wconf 78' lang='grc' dir='ltr'><em>τόδε</em></span> <span class='ocrx_word' id='word_1_115' title='bbox 901 2449 1093 2534; x_wconf 78' lang='grc' dir='ltr'><em>διαφαίνεται</em></span> <span class='ocrx_word' id='word_1_116' title='bbox 1115 2448 1243 2532; x_wconf 67' lang='grc' dir='ltr'><em>λέγοντα</em></span> <span class='ocrx_word' id='word_1_117' title='bbox 1258 2444 1347 2533; x_wconf 67' lang='grc' dir='ltr'><em>οἶδε·</em></span> 
     </span>
     <span class='ocr_line' id='line_1_18' title="bbox 576 2583 1288 2674; baseline 0 -26"><span class='ocrx_word' id='word_1_118' title='bbox 576 2587 644 2674; x_wconf 79' lang='grc' dir='ltr'><em>Νῆα</em></span> <span class='ocrx_word' id='word_1_119' title='bbox 663 2585 811 2670; x_wconf 84' lang='grc' dir='ltr'><em>μέλαιναν</em></span> <span class='ocrx_word' id='word_1_120' title='bbox 832 2585 980 2672; x_wconf 68' lang='grc' dir='ltr'><em>ίρρύαατο</em></span> <span class='ocrx_word' id='word_1_121' title='bbox 1002 2585 1076 2674; x_wconf 79' lang='grc' dir='ltr'><em>τῇδ’</em></span> <span class='ocrx_word' id='word_1_122' title='bbox 1095 2583 1288 2670; x_wconf 73' lang='grc' dir='ltr'><em>Ἀγαμέμνων</em></span> 
     </span>
     <span class='ocr_line' id='line_1_19' title="bbox 598 2693 1252 2786; baseline -0.005 -24"><span class='ocrx_word' id='word_1_123' title='bbox 598 2693 746 2786; x_wconf 76' lang='grc' dir='ltr'><em>Ἑλλήνιον</em></span> <span class='ocrx_word' id='word_1_124' title='bbox 769 2702 916 2786; x_wconf 78' lang='grc' dir='ltr'><em>στρατιῆς</em></span> <span class='ocrx_word' id='word_1_125' title='bbox 936 2702 1022 2785; x_wconf 77' lang='grc' dir='ltr'><em>σῆμα</em></span> <span class='ocrx_word' id='word_1_126' title='bbox 1045 2696 1252 2782; x_wconf 77' lang='grc' dir='ltr'><em>πλοϊζομένων</em></span> 
     </span>
    </p>
   </div>
   <div class='ocr_carea' id='block_1_7' title="bbox 320 2832 629 2938">
    <p class='ocr_par' dir='ltr' id='par_1_8' title="bbox 320 2832 629 2938">
     <span class='ocr_line' id='line_1_20' title="bbox 320 2832 629 2938; baseline 0 -40"><span class='ocrx_word' id='word_1_127' title='bbox 320 2837 368 2898; x_wconf 82' lang='grc' dir='ltr'><em>καί</em></span> <span class='ocrx_word' id='word_1_128' title='bbox 389 2833 422 2897; x_wconf 83' lang='grc' dir='ltr'>ἐν</span> <span class='ocrx_word' id='word_1_129' title='bbox 445 2834 528 2938; x_wconf 66' lang='lat' dir='ltr'>rim]</span> <span class='ocrx_word' id='word_1_130' title='bbox 551 2832 629 2924; x_wconf 74' lang='grc' dir='ltr'><em>ἔχει·</em></span> 
     </span>
    </p>
   </div>
   <div class='ocr_carea' id='block_1_8' title="bbox 636 2962 1226 3053">
    <p class='ocr_par' dir='ltr' id='par_1_9' title="bbox 636 2962 1226 3053">
     <span class='ocr_line' id='line_1_21' title="bbox 636 2962 1226 3053; baseline 0.003 -26"><span class='ocrx_word' id='word_1_131' title='bbox 636 2963 775 3053; x_wconf 76' lang='grc' dir='ltr'><em>Τύννιχος</em></span> <span class='ocrx_word' id='word_1_132' title='bbox 796 2963 891 3030; x_wconf 82' lang='grc' dir='ltr'><em>ἐποίει</em></span> <span class='ocrx_word' id='word_1_133' title='bbox 911 2962 1059 3053; x_wconf 76' lang='grc' dir='ltr'><em>Ἀρτέμιδι</em></span> <span class='ocrx_word' id='word_1_134' title='bbox 1082 2963 1226 3052; x_wconf 85' lang='grc' dir='ltr'><em>Βολοσίᾳ.</em></span> 
     </span>
    </p>
   </div>
   <div class='ocr_carea' id='block_1_9' title="bbox 320 3101 1554 3296">
    <p class='ocr_par' dir='ltr' id='par_1_10' title="bbox 320 3101 1554 3296">
     <span class='ocr_line' id='line_1_22' title="bbox 320 3101 1554 3187; baseline 0.005 -21"><span class='ocrx_word' id='word_1_135' title='bbox 320 3102 374 3168; x_wconf 85' lang='lat' dir='ltr'>sed</span> <span class='ocrx_word' id='word_1_136' title='bbox 398 3108 482 3167; x_wconf 87' lang='lat' dir='ltr'>recte</span> <span class='ocrx_word' id='word_1_137' title='bbox 497 3101 655 3167; x_wconf 87' lang='lat' dir='ltr'>annius</span> <span class='ocrx_word' id='word_1_138' title='bbox 679 3101 764 3186; x_wconf 84' lang='lat' dir='ltr'>(hist.</span> <span class='ocrx_word' id='word_1_139' title='bbox 781 3102 873 3168; x_wconf 82' lang='lat' dir='ltr'>ertiff.</span> <span class='ocrx_word' id='word_1_140' title='bbox 892 3103 908 3168; x_wconf 94' lang='lat' dir='ltr'>I</span> <span class='ocrx_word' id='word_1_141' title='bbox 930 3121 959 3184; x_wconf 93' lang='lat' dir='ltr'>p.</span> <span class='ocrx_word' id='word_1_142' title='bbox 977 3103 1052 3187; x_wconf 89' lang='lat'>608)</span> <span class='ocrx_word' id='word_1_143' title='bbox 1069 3101 1198 3183; x_wconf 91' lang='lat' dir='ltr'>monuit,</span> <span class='ocrx_word' id='word_1_144' title='bbox 1221 3101 1414 3184; x_wconf 87' lang='lat' dir='ltr'>Tynniohum</span> <span class='ocrx_word' id='word_1_145' title='bbox 1432 3101 1515 3170; x_wconf 85' lang='lat' dir='ltr'>ded</span> <span class='ocrx_word' id='word_1_146' title='bbox 1527 3106 1554 3172; x_wconf 90' lang='lat' dir='ltr'>i-</span> 
     </span>
     <span class='ocr_line' id='line_1_23' title="bbox 322 3212 708 3296; baseline 0 -18"><span class='ocrx_word' id='word_1_147' title='bbox 322 3229 432 3278; x_wconf 81' lang='lat' dir='ltr'>ousse</span> <span class='ocrx_word' id='word_1_148' title='bbox 454 3212 553 3278; x_wconf 87' lang='lat' dir='ltr'>videri</span> <span class='ocrx_word' id='word_1_149' title='bbox 575 3214 708 3296; x_wconf 83' lang='lat' dir='ltr'>navem]</span> 
     </span>
    </p>
   </div>
   <div class='ocr_carea' id='block_1_10' title="bbox 0 0 1676 5376">
    <p class='ocr_par' dir='ltr' id='par_1_11' title="bbox 0 0 1676 5376">
     <span class='ocr_line' id='line_1_24' title="bbox 0 0 1676 5376; baseline 0 1"><span class='ocrx_word' id='word_1_150' title='bbox 0 0 1676 5376; x_wconf 95' lang='lat' dir='ltr'> </span> 
     </span>
    </p>
   </div>
  </div>
 </body>
</html>
