3330 5378
771 513 814 524 ..
858 423 984 539 22⁰-

353 663 499 733 Difflciles
522 671 597 733 sunt
618 669 756 733 tractatu
785 663 898 732 tertiae
927 663 1034 731 classis
1062 683 1118 732 eae
1146 665 1381 748 inscriptiones,
1410 683 1493 748 qnae

266 776 489 853 nominativum
512 777 612 843 solum
634 776 809 858 continent,
840 793 911 842 cum
938 789 1049 853 causa,
1078 793 1134 841 cnr
1161 775 1350 842 nominativo
1379 775 1493 843 artilex

269 886 461 973 significatus
483 888 542 970 sit,
565 887 724 955 rarissime
745 887 846 970 possit
868 887 1008 968 probari:
1032 903 1104 954 nam
1126 893 1162 954 ut
1189 887 1343 975 Ταλέστης
1360 882 1491 973 Ἀρτεμι-

266 1001 375 1087 δώρου
390 1000 469 1084 (87),
481 995 627 1086 Ὠφελίων
643 995 889 1086 (summersa
905 999 1005 1084 (139),
1021 995 1177 1086 Ἀριστέας
1192 1001 1240 1063 καὶ
1253 994 1492 1085 ΙΙοτίοτἈφρο-

267 1113 383 1183 orroei<
405 1111 494 1196 (146)
514 1113 586 1194 jure
608 1111 744 1179 artifices
766 1111 956 1192 habeantur,
978 1107 1169 1199 Ἀναξιμένης
1193 1111 1417 1196 Εὐρυστράτου
1441 1107 1491 1174 Μι·

266 1224 373 1313 λησως
396 1223 502 1308 (161),
532 1223 725 1312 Δημόὸωρος
746 1223 910 1299 Μελιτεύς,
933 1222 1021 1308 (43),
1051 1222 1183 1308 θράσων
1205 1221 1380 1310 Πελληνεύς
1402 1222 1492 1307 (133)

267 1353 342 1403 num
365 1336 461 1403 verbo
484 1334 628 1424 ἐποίησεν
650 1336 772 1418 excepti
800 1333 932 1415 fuerint,
961 1339 993 1401 et
1022 1335 1061 1402 ob
1091 1334 1272 1418 apographa
1298 1334 1494 1418 negligenter

268 1445 351 1514 lacta
373 1439 481 1531 (161),
511 1453 543 1514 at
565 1449 604 1516 ob
626 1447 766 1531 lapidum
788 1445 944 1514 fracturas
971 1447 1041 1531 (433
1069 1447 1212 1514 similiter
1236 1445 1310 1529 133)
1339 1465 1402 1513 non
1426 1447 1493 1530 jam

256 1556 426 1648 ‘enucleari
453 1563 567 1640 potest.
612 1558 674 1626 Sed
696 1555 845 1646 Ἀρτερᾶς
865 1559 1040 1648 Δημητρίου
1068 1558 1212 1649 ΛΙιλησιος
1236 1558 1329 1643 (193)
1351 1544 1494 1628 ’Arrolos

263 1665 478 1756 Ἀνῢραγάθου
502 1670 591 1755 (206)
615 1667 750 1758 Πύρρων
765 1668 982 1743 Ἑκατοκλεόυτ
998 1671 1093 1756 (200)
1123 1669 1284 1759 Σωσικλῆς
1306 1670 1395 1754 (201)
1424 1668 1494 1734 ‹llat-

271 1782 362 1868 διρσς
385 1782 491 1866 (202),
517 1781 639 1868 opaco<
662 1783 752 1866 (203)
774 1802 836 1850 non
859 1789 921 1865 est,
944 1803 1000 1850 cnr
1020 1779 1156 1851 artifices
1178 1781 1412 1862 existimantem
1442 1782 1496 1866 (de

273 1889 416 1963 Eubuleo
430 1893 596 1962 Praxitelis
618 1913 646 1960 v.
664 1894 750 1977 218).
779 1891 903 1958 Γλύκων
922 1891 1081 1984 'strigoniae
1103 1895 1178 1980 (102
1187 1895 1220 1978 b)
1243 1913 1318 1960 num
1339 1895 1495 1979 genuinus

237 2081 242 2088 ,
270 2007 322 2092 sit,
345 2005 484 2074 dubitari
506 2009 619 2089 potest,
642 2023 755 2073 nomen
777 2006 859 2072 enim
883 2007 950 2090 ejns
969 2007 1059 2090 cujus
1074 2005 1240 2074 Herculem
1257 2006 1495 2075 celeberrimum

271 2119 449 2188 etiamnunc
471 2117 632 2197 habemus,
654 2116 799 2185 facillime
821 2117 949 2186 Herculi
972 2119 1073 2202 simili,
1096 2125 1133 2186 ut
1153 2124 1211 2201 est,
1233 2119 1349 2185 nostris
1372 2123 1494 2203 tempo-

270 2230 358 2299 ribus
380 2229 571 2313 insculptnm
599 2247 668 2296 esse
696 2236 814 2313 potestr
844 2236 982 2297 attamen
1005 2229 1216 2312 Gerhardins,
1245 2232 1298 2314 qni
1325 2231 1421 2313 uidit,
1449 2232 1495 2298 in·

270 2341 475 2425 scriptionem
495 2339 664 2424 genuinam
687 2359 755 2408 esse
771 2342 899 2425 putavit
920 2343 1031 2425 (Ncap.
1046 2341 1120 2408 Ant.
1137 2342 1244 2410 Bilrlw.
1260 2362 1290 2425 p.
1307 2341 1372 2426 31).
1409 2343 1496 2422 Quae

269 2471 341 2522 curn
364 2447 409 2519 ita
431 2451 503 2532 sint,
526 2449 586 2519 hae
608 2449 763 2519 artificum
784 2453 1011 2536 inscriptiones,
1033 2453 1093 2521 nisi
1115 2450 1199 2520 nullo
1222 2456 1314 2522 morlo
1336 2454 1495 2536 nequead

270 2565 437 2649 imaginem
458 2565 558 2648 ipsam
573 2563 730 2647 pertinere
743 2583 845 2648 neque
860 2565 1077 2648 magistratum
1093 2563 1228 2647 aliquem
1243 2583 1344 2648 neque
1359 2565 1494 2632 fortasse

270 2695 483 2762 possessorem
499 2674 673 2760 significare
688 2681 828 2759 possunt,
844 2694 905 2742 non
922 2675 1134 2743 admittendae
1148 2675 1304 2743 ridentur.
1328 2664 1493 2745 Wcickcio

249 2855 250 2858 ,
271 2790 369 2874 igitur
390 2808 452 2856 non
474 2789 671 2870 assentimur,
695 2788 802 2871 quiin
824 2806 902 2854 mus.
926 2787 972 2853 rh.
996 2806 1026 2853 n.
1043 2806 1067 2854 s.
1084 2789 1128 2854 Vl
1149 2807 1179 2870 p.
1196 2787 1259 2852 402
1281 2789 1415 2854 miratus
1438 2795 1496 2870 est,

272 2902 357 2984 quod
378 2899 513 2968 artifices
535 2910 601 2967 tam
623 2917 694 2967 raro
717 2899 785 2966 sola
806 2902 931 2966 nomina
945 2900 1191 2983 inscripsissent;
1214 2900 1326 2981 quodsi
1341 2899 1491 2982 lecerunt,

272 3014 390 3096 gloriae
413 3031 491 3080 suaa
512 3011 572 3094 ipsi
595 3011 795 3091 obstiterunt,
817 3011 887 3094 quis
910 3011 991 3077 enim
1013 3012 1167 3078 intellexit
1188 3010 1361 3079 artificem?

358 3123 407 3192 Ne
429 3121 504 3207 quid
526 3123 670 3190 omittere
691 3121 867 3204 videamur,
896 3142 966 3190 raro
989 3129 1022 3190 et
1043 3122 1148 3189 infima
1170 3124 1270 3190 solnm
1293 3128 1397 3191 aetate
1419 3124 1494 3191 talia

272 3236 389 3305 indicia
410 3235 587 3317 adduntur,
609 3235 720 3324 ¹qualia
741 3238 815 3302 sunt
836 3233 938 3321 γλυφὴ
962 3234 1069 3319 (131),
1100 3235 1254 3324 τεχνεῖτης
1278 3227 1385 3320 (140),
1417 3236 1494 3323 ἔργα

133 3363 137 3378 ’
273 3346 461 3437 στηριορχός
483 3346 583 3430 (165).

245 3520 246 3523 ,
360 3459 450 3527 Nunc
470 3459 502 3524 in
523 3458 660 3542 singulas
681 3459 889 3543 inscriptionis
910 3463 1016 3542 partes
1038 3458 1240 3541 inquiramus.
