3330 5378
822 442 1033 503 ..16-

318 630 418 696 solum
446 628 562 696 indicis
591 628 718 712 sprevit.
773 627 835 695 Sed
864 627 896 693 in
925 627 1105 696 unversnrn
1137 631 1222 695 certe
1249 626 1396 694 affirmari
1424 632 1542 711 potest,

318 739 535 822 inscriptiones
558 743 683 805 tanturn
705 738 889 821 parimodo
913 738 1109 823 compositas,
1132 737 1207 805 dum
1228 739 1405 806 litterarum
1421 738 1541 806 termae

201 881 204 896 =
265 857 266 860 ’
317 852 514 933 permittant,
537 851 614 918 unie-
631 850 774 933 idemque
795 849 909 919 artifici
928 870 949 918 e
969 850 1078 919 nobis
1098 868 1167 918 esse
1188 850 1540 934 mbuuoas(cf.p.1o

317 962 424 1046 not.)1.
458 963 545 1030 Idem
561 967 667 1037 autem
691 961 803 1031 eadere
824 961 950 1029 videtur
970 962 1002 1029 in
1020 979 1165 1029 vasorum
1180 960 1322 1057 fictitium
1337 959 1541 1044 coniectores,

315 1079 356 1140 'ex
369 1073 492 1155 quibus,
512 1079 549 1142 ut
562 1093 625 1157 eos,
646 1075 702 1159 qui
717 1075 792 1142 solis
806 1075 981 1142 nominibus
997 1075 1048 1142 usi
1062 1080 1145 1151 sunt,
1167 1075 1359 1155 omittamus,
1375 1073 1541 1142 Eucherus

317 1203 352 1252 se
373 1186 528 1269 Ergetirni
552 1186 651 1254 tilium
674 1205 744 1258 esse
766 1193 816 1256 ter
836 1188 996 1272 professus
1018 1194 1077 1271 est,
1098 1188 1212 1258 Tleson
1233 1206 1268 1256 so
1285 1186 1420 1255 Nearchi
1441 1185 1540 1254 filiurn

317 1316 386 1367 osse
407 1298 512 1366 tricies
534 1298 608 1368 iere.
712 1343 714 1348 -

402 1412 507 1496 Atque
528 1412 605 1482 haoe
627 1412 753 1497 qudem
775 1411 815 1482 de
836 1412 990 1482 universis
1012 1389 1275 1497 inscriptionibus.

483 1914 542 2005 DE
570 1912 910 2046 INSCRIPTIONUM
938 1913 1162 2008 octricus
1191 1915 1368 2040 AGITUR.

892 2133 910 2218 p
932 2134 962 2197 s.

404 2305 647 2390 inscriptionum
681 2305 761 2371 aliae
789 2305 931 2374 versibus
959 2305 1038 2372 aliae
1068 2307 1171 2374 soluta
1199 2307 1339 2375 oratione
1373 2325 1538 2392 expressae

318 2422 401 2500 sunt,
423 2422 518 2501 atquc
539 2417 673 2501 primum
695 2416 822 2500 quidem

644 2554 683 2620 de
705 2554 848 2622 versibus
870 2553 1028 2637 inscriptis
1050 2555 1207 2635 dicamus3

318 2670 393 2731 sunt
413 2683 488 2762 uero
508 2664 556 2730 hi:
674 2690 677 2698 ·

405 2803 433 2864 l.
458 2803 515 2865 παῖ
531 2801 602 2872 Διὸς
624 2799 683 2866 κτλ.
708 2803 754 2886 (1)
936 2822 962 2870 c.
987 2803 1034 2870 Ol.
1058 2803 1100 2868 50

403 2911 433 2975 2.
456 2912 595 2995 Bupalus
617 2919 650 2980 et
671 2912 803 2980 Athenis
831 2891 903 2997 (scr.
929 2911 960 2995 l)
984 2913 1032 2979 Ol.
1056 2913 1106 2977 60.

403 3021 433 3104 3.
456 3026 510 3087 τοῦ
532 3022 651 3116 ΠαρίουΙ
674 3024 733 3088 κτλ.
757 3025 804 3109 (5)

403 3136 433 3198 4.
457 3133 550 3222 ἔργον
569 3134 793 3224 Ἀριστοκλέους
814 3137 861 3222 (8)

404 3247 434 3310 5.
453 3241 606 3336 Ἀλξὴνωρ
630 3248 697 3333 (12)

404 3358 432 3421 6.
450 3353 667 3445 Ἰπύστρατοςί
689 3360 756 3443 (13)

396 3472 434 3535 ’7.
449 3467 587 3544 Ἔνδοιος
608 3476 680 3558 (sor.
704 3474 738 3558 4)
822 3535 825 3542 r

404 3582 434 3646 8.
457 3582 625 3670 Εὐτελίδας
645 3583 696 3649 καί
716 3582 916 3670 Χρυσόθεμις
938 3584 1010 3666 (scr.
1034 3583 1068 3667 3)
1185 3596 1257 3658 ante
1280 3591 1318 3658 01.
1342 3591 1393 3654 80.

405 3695 434 3757 9.
453 3690 578 3766 Ὀνάτας
599 3698 671 3780 (scr.
688 3698 706 3758 7
730 3697 812 3780 sqq.)

407 3804 456 3869 10.
481 3805 608 3870 Κάλλων
631 3806 703 3891 (scr.
726 3807 759 3891 5)

406 3917 455 3978 11.
479 3914 626 3988 Κλεοίτας
647 3919 718 4001 (scr.
743 3919 795 4000 10)

406 4027 455 4090 12.
474 4022 646 4114 Ἀρκεσίλας
669 4029 741 4111 (scr.
766 4028 799 4113 8)

407 4137 456 4201 13.
477 4133 682 4225 Ἀναξαγόρας
705 4140 777 4223 (sci'.
802 4140 835 4222 6)

388 4396 547 4450 ¹Habebant
565 4397 642 4467 igitur
662 4398 750 4450 Graeci
768 4399 875 4452 artifices
894 4399 1020 4451 communi
1037 4399 1064 4451 in
1082 4417 1144 4462 uun,
1168 4403 1236 4468 quod
1259 4420 1304 4455 nos
1326 4403 1443 4458 dicimus:
1468 4405 1540 4470 ,eina

319 4483 426 4536 simas
462 4481 520 4535 Jarn
538 4485 623 4548 vides,
647 4500 692 4536 cnr
709 4491 805 4536 numm
822 4493 908 4538 noctu
924 4484 1078 4547 interfuerit,
1096 4485 1200 4552 probare
1218 4489 1256 4555 (p.
1270 4489 1309 4552 t),
1326 4488 1476 4544 Pcursnism
1492 4509 1538 4559 ps·

319 4570 426 4622 saliares
444 4569 634 4637 hsefiptionum
653 4571 745 4622 formas
759 4587 808 4622 non
823 4570 965 4634 retinuisse,
983 4571 1073 4638 quodsi
1084 4570 1192 4636 fecisset,
1211 4581 1296 4626 conus
1307 4577 1454 4630 sententiam
1466 4579 1540 4630 modo

320 4673 336 4706 a
353 4655 426 4708 nobis
445 4656 597 4722 propositum
614 4673 688 4722 qoem
706 4656 924 4710 vehementissime
941 4666 1063 4726 pugnaret
1079 4656 1120 4724 (cf.
1140 4676 1165 4725 p.
1177 4659 1209 4713 sl
1230 4661 1292 4726 not.)
