<?xml version="1.0" encoding="UTF-8"?>
<!DOCTYPE html PUBLIC "-//W3C//DTD XHTML 1.0 Transitional//EN"
    "http://www.w3.org/TR/xhtml1/DTD/xhtml1-transitional.dtd">
<html xmlns="http://www.w3.org/1999/xhtml" xml:lang="en" lang="en">
 <head>
  <title>
</title>
<meta http-equiv="Content-Type" content="text/html;charset=utf-8" />
  <meta name='ocr-system' content='tesseract 3.04.00' />
  <meta name='ocr-capabilities' content='ocr_page ocr_carea ocr_par ocr_line ocrx_word'/>
</head>
<body>
  <div class='ocr_page' id='page_1' title='image "./titulistatuario00hirsgoog_0178.png"; bbox 0 0 3344 5376; ppageno 0'>
   <div class='ocr_carea' id='block_1_1' title="bbox 155 725 1376 1149">
    <p class='ocr_par' dir='ltr' id='par_1_1' title="bbox 245 725 564 804">
     <span class='ocr_line' id='line_1_1' title="bbox 245 725 564 804; baseline 0.006 -16"><span class='ocrx_word' id='word_1_1' title='bbox 245 725 377 790; x_wconf 76' lang='lat' dir='ltr'><strong>Pausan.</strong></span> <span class='ocrx_word' id='word_1_2' title='bbox 394 725 433 804; x_wconf 83' lang='lat' dir='ltr'><em>V,</em></span> <span class='ocrx_word' id='word_1_3' title='bbox 454 725 505 804; x_wconf 79' lang='grc'><em>27,</em></span> <span class='ocrx_word' id='word_1_4' title='bbox 528 726 564 790; x_wconf 90' lang='lat'><em>8:</em></span> 
     </span>
    </p>

    <p class='ocr_par' dir='ltr' id='par_1_2' title="bbox 155 830 1376 1149">
     <span class='ocr_line' id='line_1_2' title="bbox 238 830 1374 926; baseline 0.006 -29"><span class='ocrx_word' id='word_1_5' title='bbox 238 830 269 898; x_wconf 78' lang='lat'><em>‘0</em></span> <span class='ocrx_word' id='word_1_6' title='bbox 283 831 399 924; x_wconf 76' lang='grc' dir='ltr'><em>Ἑρμῆς</em></span> <span class='ocrx_word' id='word_1_7' title='bbox 419 837 437 898; x_wconf 82' lang='grc' dir='ltr'><strong><em>ὁ</em></strong></span> <span class='ocrx_word' id='word_1_8' title='bbox 459 838 511 900; x_wconf 86' lang='grc' dir='ltr'><em>τὸν</em></span> <span class='ocrx_word' id='word_1_9' title='bbox 533 837 617 924; x_wconf 91' lang='grc' dir='ltr'><em>κρίον</em></span> <span class='ocrx_word' id='word_1_10' title='bbox 640 838 748 925; x_wconf 80' lang='grc' dir='ltr'><em>φέρων</em></span> <span class='ocrx_word' id='word_1_11' title='bbox 770 878 921 887; x_wconf 91' lang='grc'><em>--</em></span> <span class='ocrx_word' id='word_1_12' title='bbox 944 839 1004 904; x_wconf 83' lang='grc' dir='ltr'><em>ὑπὸ</em></span> <span class='ocrx_word' id='word_1_13' title='bbox 1021 837 1176 926; x_wconf 86' lang='grc' dir='ltr'><em>Ἀρκάδων</em></span> <span class='ocrx_word' id='word_1_14' title='bbox 1202 840 1237 905; x_wconf 85' lang='grc' dir='ltr'><em>ἐκ</em></span> <span class='ocrx_word' id='word_1_15' title='bbox 1259 839 1374 906; x_wconf 82' lang='grc' dir='ltr'><em>Φενεοῦ</em></span> 
     </span>
     <span class='ocr_line' id='line_1_3' title="bbox 155 945 1376 1042; baseline 0.006 -32"><span class='ocrx_word' id='word_1_16' title='bbox 155 945 285 1011; x_wconf 89' lang='grc' dir='ltr'><em>δέδοται</em></span> <span class='ocrx_word' id='word_1_17' title='bbox 307 951 354 1033; x_wconf 80' lang='grc' dir='ltr'><em>τῷ</em></span> <span class='ocrx_word' id='word_1_18' title='bbox 367 945 455 1033; x_wconf 58' lang='lat' dir='ltr'><strong>verr.</strong></span> <span class='ocrx_word' id='word_1_19' title='bbox 496 945 580 1013; x_wconf 83' lang='grc' dir='ltr'><em>’θνά</em></span> <span class='ocrx_word' id='word_1_20' title='bbox 586 971 651 1014; x_wconf 95' lang='grc' dir='ltr'><em>ταν</em></span> <span class='ocrx_word' id='word_1_21' title='bbox 673 950 709 1015; x_wconf 85' lang='grc' dir='ltr'><em>δὲ</em></span> <span class='ocrx_word' id='word_1_22' title='bbox 731 952 782 1014; x_wconf 84' lang='grc' dir='ltr'><em>τὸν</em></span> <span class='ocrx_word' id='word_1_23' title='bbox 806 953 973 1042; x_wconf 80' lang='grc' dir='ltr'><em>Αλγινητην,</em></span> <span class='ocrx_word' id='word_1_24' title='bbox 996 952 1051 1016; x_wconf 82' lang='grc' dir='ltr'><em>σὺν</em></span> <span class='ocrx_word' id='word_1_25' title='bbox 1075 951 1112 1015; x_wconf 84' lang='grc' dir='ltr'><em>δὲ</em></span> <span class='ocrx_word' id='word_1_26' title='bbox 1133 951 1220 1040; x_wconf 78' lang='grc' dir='ltr'><em>αὐτῷ</em></span> <span class='ocrx_word' id='word_1_27' title='bbox 1242 952 1271 1017; x_wconf 87' lang='lat' dir='ltr'><em>K</em></span> <span class='ocrx_word' id='word_1_28' title='bbox 1274 954 1376 1017; x_wconf 88' lang='grc' dir='ltr'><em>αλλι-</em></span> 
     </span>
     <span class='ocr_line' id='line_1_4' title="bbox 156 1056 860 1149; baseline 0.007 -27"><span class='ocrx_word' id='word_1_29' title='bbox 156 1057 273 1146; x_wconf 90' lang='grc' dir='ltr'><em>τέλην</em></span> <span class='ocrx_word' id='word_1_30' title='bbox 295 1056 492 1145; x_wconf 68' lang='grc' dir='ltr'><em>ἐργάσασθαι</em></span> <span class='ocrx_word' id='word_1_31' title='bbox 514 1061 594 1143; x_wconf 87' lang='grc' dir='ltr'><em>λέγει</em></span> <span class='ocrx_word' id='word_1_32' title='bbox 617 1062 650 1124; x_wconf 84' lang='grc' dir='ltr'><em>τὸ</em></span> <span class='ocrx_word' id='word_1_33' title='bbox 673 1060 860 1149; x_wconf 84' lang='grc' dir='ltr'><em>ἐπίγραμμα.</em></span> 
     </span>
    </p>
   </div>
   <div class='ocr_carea' id='block_1_2' title="bbox 750 1285 779 1349">
    <p class='ocr_par' dir='ltr' id='par_1_3' title="bbox 750 1285 779 1349">
     <span class='ocr_line' id='line_1_5' title="bbox 750 1285 779 1349; baseline -0.034 0"><span class='ocrx_word' id='word_1_34' title='bbox 750 1285 779 1349; x_wconf 91' lang='grc'><em>8.</em></span> 
     </span>
    </p>
   </div>
   <div class='ocr_carea' id='block_1_3' title="bbox 157 1411 1376 1614">
    <p class='ocr_par' dir='ltr' id='par_1_4' title="bbox 157 1411 1376 1614">
     <span class='ocr_line' id='line_1_6' title="bbox 242 1411 1376 1506; baseline 0.004 -29"><span class='ocrx_word' id='word_1_35' title='bbox 242 1412 330 1496; x_wconf 85' lang='lat' dir='ltr'>Diog.</span> <span class='ocrx_word' id='word_1_36' title='bbox 359 1411 463 1478; x_wconf 73' lang='grc' dir='ltr'><em>Ιιυέτί.</em></span> <span class='ocrx_word' id='word_1_37' title='bbox 485 1415 539 1496; x_wconf 86' lang='lat' dir='ltr'><em>lv,</em></span> <span class='ocrx_word' id='word_1_38' title='bbox 570 1415 627 1480; x_wconf 81' lang='lat'><em>45:</em></span> <span class='ocrx_word' id='word_1_39' title='bbox 659 1416 838 1501; x_wconf 84' lang='grc' dir='ltr'><em>Αμκεαίλαοι</em></span> <span class='ocrx_word' id='word_1_40' title='bbox 865 1457 965 1466; x_wconf 92' lang='lat'><em>——</em></span> <span class='ocrx_word' id='word_1_41' title='bbox 994 1415 1104 1506; x_wconf 80' lang='grc' dir='ltr'><em>ἕτερος</em></span> <span class='ocrx_word' id='word_1_42' title='bbox 1129 1419 1376 1504; x_wconf 78' lang='grc' dir='ltr'><em>ἀγαλματοποιὸς</em></span> 
     </span>
     <span class='ocr_line' id='line_1_7' title="bbox 157 1522 906 1614; baseline 0.009 -28"><span class='ocrx_word' id='word_1_43' title='bbox 157 1524 204 1593; x_wconf 88' lang='grc' dir='ltr'><em>ελς</em></span> <span class='ocrx_word' id='word_1_44' title='bbox 226 1523 261 1585; x_wconf 85' lang='grc' dir='ltr'><em>ίιν</em></span> <span class='ocrx_word' id='word_1_45' title='bbox 284 1525 332 1587; x_wconf 88' lang='grc' dir='ltr'><em>καλ</em></span> <span class='ocrx_word' id='word_1_46' title='bbox 354 1522 529 1614; x_wconf 70' lang='grc' dir='ltr'><em>Σιμωνίδης</em></span> <span class='ocrx_word' id='word_1_47' title='bbox 550 1525 693 1614; x_wconf 79' lang='grc' dir='ltr'><em>ἐποίησεν</em></span> <span class='ocrx_word' id='word_1_48' title='bbox 714 1525 906 1614; x_wconf 79' lang='grc' dir='ltr'><em>ἐπίγραμμα·</em></span> 
     </span>
    </p>
   </div>
   <div class='ocr_carea' id='block_1_4' title="bbox 348 1656 1203 2083">
    <p class='ocr_par' dir='ltr' id='par_1_5' title="bbox 348 1656 1203 2083">
     <span class='ocr_line' id='line_1_8' title="bbox 348 1656 1203 1752; baseline 0.006 -27"><span class='ocrx_word' id='word_1_49' title='bbox 348 1656 523 1747; x_wconf 83' lang='grc' dir='ltr'><em>Ἀρτέμιδος</em></span> <span class='ocrx_word' id='word_1_50' title='bbox 545 1660 614 1725; x_wconf 82' lang='grc' dir='ltr'><em>τόδ’</em></span> <span class='ocrx_word' id='word_1_51' title='bbox 637 1661 769 1747; x_wconf 83' lang='grc' dir='ltr'><em>ἄγαλμα,</em></span> <span class='ocrx_word' id='word_1_52' title='bbox 792 1661 942 1751; x_wconf 81' lang='grc' dir='ltr'><em>δίηκδσιαι</em></span> <span class='ocrx_word' id='word_1_53' title='bbox 964 1665 1024 1752; x_wconf 85' lang='grc' dir='ltr'><em>γὰρ</em></span> <span class='ocrx_word' id='word_1_54' title='bbox 1048 1669 1067 1730; x_wconf 84' lang='grc' dir='ltr'><em>δ</em></span> <span class='ocrx_word' id='word_1_55' title='bbox 1087 1665 1203 1750; x_wconf 75' lang='grc' dir='ltr'><em>μισθὸς</em></span> 
     </span>
     <span class='ocr_line' id='line_1_9' title="bbox 409 1770 1146 1862; baseline 0.008 -27"><span class='ocrx_word' id='word_1_56' title='bbox 409 1772 545 1860; x_wconf 80' lang='grc' dir='ltr'><em>δραχμαί</em></span> <span class='ocrx_word' id='word_1_57' title='bbox 567 1773 614 1837; x_wconf 85' lang='grc' dir='ltr'><em>ταί</em></span> <span class='ocrx_word' id='word_1_58' title='bbox 634 1770 758 1859; x_wconf 83' lang='grc' dir='ltr'><em>Πάριαι,</em></span> <span class='ocrx_word' id='word_1_59' title='bbox 783 1778 844 1837; x_wconf 85' lang='grc' dir='ltr'><em>τῶν</em></span> <span class='ocrx_word' id='word_1_60' title='bbox 867 1773 1000 1862; x_wconf 80' lang='grc' dir='ltr'><em>ἐπίσημα</em></span> <span class='ocrx_word' id='word_1_61' title='bbox 1023 1777 1146 1862; x_wconf 83' lang='grc' dir='ltr'><em>τράγος.</em></span> 
     </span>
     <span class='ocr_line' id='line_1_10' title="bbox 358 1880 1077 1974; baseline 0.007 -29"><span class='ocrx_word' id='word_1_62' title='bbox 358 1882 492 1971; x_wconf 80' lang='grc' dir='ltr'><em>ἀσκητὸς</em></span> <span class='ocrx_word' id='word_1_63' title='bbox 512 1883 533 1946; x_wconf 86' lang='grc' dir='ltr'><em>δ</em></span> <span class='ocrx_word' id='word_1_64' title='bbox 540 1881 700 1972; x_wconf 79' lang='grc' dir='ltr'><em>’ἐποίησεν</em></span> <span class='ocrx_word' id='word_1_65' title='bbox 718 1880 879 1974; x_wconf 70' lang='grc' dir='ltr'><em>Ἀθηναίης</em></span> <span class='ocrx_word' id='word_1_66' title='bbox 901 1887 1077 1974; x_wconf 85' lang='grc' dir='ltr'><em>παλάμησιν</em></span> 
     </span>
     <span class='ocr_line' id='line_1_11' title="bbox 409 1977 1123 2083; baseline 0.007 -26"><span class='ocrx_word' id='word_1_67' title='bbox 409 1993 498 2068; x_wconf 77' lang='grc' dir='ltr'><em>ἄξιος</em></span> <span class='ocrx_word' id='word_1_68' title='bbox 508 1977 735 2081; x_wconf 81' lang='grc' dir='ltr'><em>Ἀρκεσίλας</em></span> <span class='ocrx_word' id='word_1_69' title='bbox 756 1998 834 2067; x_wconf 84' lang='grc' dir='ltr'><em>υίὸς</em></span> <span class='ocrx_word' id='word_1_70' title='bbox 851 1994 1123 2083; x_wconf 88' lang='grc' dir='ltr'><em>Ἀριστοδίκου.</em></span> 
     </span>
    </p>
   </div>
   <div class='ocr_carea' id='block_1_5' title="bbox 245 2221 781 2385">
    <p class='ocr_par' dir='ltr' id='par_1_6' title="bbox 245 2221 781 2385">
     <span class='ocr_line' id='line_1_12' title="bbox 245 2221 781 2385; baseline 0.002 -18"><span class='ocrx_word' id='word_1_71' title='bbox 245 2301 378 2370; x_wconf 77' lang='grc' dir='ltr'><em>Ραυοαιι.</em></span> <span class='ocrx_word' id='word_1_72' title='bbox 394 2303 432 2385; x_wconf 83' lang='lat' dir='ltr'><em>V,</em></span> <span class='ocrx_word' id='word_1_73' title='bbox 455 2303 506 2384; x_wconf 79' lang='lat'><em>23,</em></span> <span class='ocrx_word' id='word_1_74' title='bbox 528 2305 562 2368; x_wconf 82' lang='lat'><em>7:</em></span> <span class='ocrx_word' id='word_1_75' title='bbox 752 2221 781 2284; x_wconf 46' lang='lat'><em>9⁹</em></span> 
     </span>
    </p>
   </div>
   <div class='ocr_carea' id='block_1_6' title="bbox 155 2413 1463 3506">
    <p class='ocr_par' dir='ltr' id='par_1_7' title="bbox 156 2413 1463 2727">
     <span class='ocr_line' id='line_1_13' title="bbox 191 2413 1378 2504; baseline 0.003 -25"><span class='ocrx_word' id='word_1_76' title='bbox 191 2431 194 2438; x_wconf 86' lang='lat'>&#39;</span> <span class='ocrx_word' id='word_1_77' title='bbox 244 2451 287 2461; x_wconf 93' lang='lat'><em>·-</em></span> <span class='ocrx_word' id='word_1_78' title='bbox 307 2413 432 2500; x_wconf 72' lang='grc' dir='ltr'><em>βάθρον</em></span> <span class='ocrx_word' id='word_1_79' title='bbox 456 2415 615 2503; x_wconf 84' lang='grc' dir='ltr'><em>πεποίηται</em></span> <span class='ocrx_word' id='word_1_80' title='bbox 631 2417 766 2504; x_wconf 83' lang='grc' dir='ltr'><em>γαλκοῦν</em></span> <span class='ocrx_word' id='word_1_81' title='bbox 789 2417 838 2478; x_wconf 82' lang='grc' dir='ltr'><em>καί</em></span> <span class='ocrx_word' id='word_1_82' title='bbox 859 2414 912 2479; x_wconf 81' lang='grc' dir='ltr'><em>ἐπ’</em></span> <span class='ocrx_word' id='word_1_83' title='bbox 934 2415 1022 2502; x_wconf 77' lang='grc' dir='ltr'><em>αὐτῷ</em></span> <span class='ocrx_word' id='word_1_84' title='bbox 1045 2415 1141 2486; x_wconf 86' lang='grc' dir='ltr'><em>Ζεύς·</em></span> <span class='ocrx_word' id='word_1_85' title='bbox 1168 2420 1275 2480; x_wconf 85' lang='grc' dir='ltr'><em>τοῦτον</em></span> <span class='ocrx_word' id='word_1_86' title='bbox 1297 2418 1378 2483; x_wconf 78' lang='grc' dir='ltr'><em>ὀκτὼ</em></span> 
     </span>
     <span class='ocr_line' id='line_1_14' title="bbox 157 2525 1463 2613; baseline 0 -23"><span class='ocrx_word' id='word_1_87' title='bbox 157 2527 292 2590; x_wconf 77' lang='grc' dir='ltr'><em>μάλιστα</em></span> <span class='ocrx_word' id='word_1_88' title='bbox 320 2525 396 2589; x_wconf 84' lang='grc' dir='ltr'><em>ελναι</em></span> <span class='ocrx_word' id='word_1_89' title='bbox 424 2525 530 2590; x_wconf 84' lang='grc' dir='ltr'><em>ποδῶν</em></span> <span class='ocrx_word' id='word_1_90' title='bbox 558 2526 611 2589; x_wconf 84' lang='grc' dir='ltr'><em>καί·</em></span> <span class='ocrx_word' id='word_1_91' title='bbox 634 2526 709 2590; x_wconf 86' lang='grc' dir='ltr'><em>δέκα</em></span> <span class='ocrx_word' id='word_1_92' title='bbox 737 2527 914 2613; x_wconf 76' lang='grc' dir='ltr'><em>εἰκάζομεν·</em></span> <span class='ocrx_word' id='word_1_93' title='bbox 944 2527 1053 2596; x_wconf 77' lang='grc' dir='ltr'><em>οἵτινες</em></span> <span class='ocrx_word' id='word_1_94' title='bbox 1082 2526 1117 2590; x_wconf 84' lang='grc' dir='ltr'><em>δὲ</em></span> <span class='ocrx_word' id='word_1_95' title='bbox 1144 2526 1238 2591; x_wconf 83' lang='grc' dir='ltr'><em>αὐτὸν</em></span> <span class='ocrx_word' id='word_1_96' title='bbox 1264 2525 1378 2594; x_wconf 81' lang='grc' dir='ltr'><em>ἔδοσαν</em></span> <span class='ocrx_word' id='word_1_97' title='bbox 1460 2583 1463 2590; x_wconf 92' lang='grc'><em>.</em></span> 
     </span>
     <span class='ocr_line' id='line_1_15' title="bbox 156 2633 1332 2727; baseline 0 -25"><span class='ocrx_word' id='word_1_98' title='bbox 156 2643 206 2723; x_wconf 76' lang='grc' dir='ltr'><em>τῷ</em></span> <span class='ocrx_word' id='word_1_99' title='bbox 232 2633 302 2722; x_wconf 70' lang='grc' dir='ltr'><em>θεῷ</em></span> <span class='ocrx_word' id='word_1_100' title='bbox 324 2637 372 2699; x_wconf 79' lang='grc' dir='ltr'><em>καί</em></span> <span class='ocrx_word' id='word_1_101' title='bbox 393 2635 529 2700; x_wconf 85' lang='grc' dir='ltr'><em>ὧντινών</em></span> <span class='ocrx_word' id='word_1_102' title='bbox 551 2636 632 2700; x_wconf 84' lang='grc' dir='ltr'><em>ίστιν</em></span> <span class='ocrx_word' id='word_1_103' title='bbox 655 2634 757 2723; x_wconf 80' lang='grc' dir='ltr'><em>ἔργον,</em></span> <span class='ocrx_word' id='word_1_104' title='bbox 781 2637 916 2720; x_wconf 83' lang='grc' dir='ltr'><em>ἐλεγεῖον</em></span> <span class='ocrx_word' id='word_1_105' title='bbox 939 2635 1152 2723; x_wconf 71' lang='grc' dir='ltr'><em>γεγραμμένον</em></span> <span class='ocrx_word' id='word_1_106' title='bbox 1176 2638 1332 2727; x_wconf 85' lang='grc' dir='ltr'><em>σημαίνει·</em></span> 
     </span>
    </p>

    <p class='ocr_par' dir='ltr' id='par_1_8' title="bbox 155 2745 1380 3506">
     <span class='ocr_line' id='line_1_16' title="bbox 222 2745 1185 2836; baseline -0.005 -20"><span class='ocrx_word' id='word_1_107' title='bbox 222 2799 229 2816; x_wconf 91' lang='grc'><em>.</em></span> <span class='ocrx_word' id='word_1_108' title='bbox 354 2746 524 2835; x_wconf 78' lang='grc' dir='ltr'><em>Κλειτόριοι</em></span> <span class='ocrx_word' id='word_1_109' title='bbox 545 2747 614 2812; x_wconf 85' lang='grc' dir='ltr'><em>τόδ’</em></span> <span class='ocrx_word' id='word_1_110' title='bbox 636 2747 759 2833; x_wconf 78' lang='grc' dir='ltr'><em>ἄγαλμα</em></span> <span class='ocrx_word' id='word_1_111' title='bbox 782 2746 852 2833; x_wconf 75' lang='grc' dir='ltr'><em>θεῷ</em></span> <span class='ocrx_word' id='word_1_112' title='bbox 874 2747 1008 2812; x_wconf 76' lang='grc' dir='ltr'><em>δεκάταν</em></span> <span class='ocrx_word' id='word_1_113' title='bbox 1029 2745 1185 2836; x_wconf 75' lang='grc' dir='ltr'><em>ἀνέδηκαν</em></span> 
     </span>
     <span class='ocr_line' id='line_1_17' title="bbox 457 2858 1084 2948; baseline 0 -26"><span class='ocrx_word' id='word_1_114' title='bbox 457 2860 569 2923; x_wconf 86' lang='grc' dir='ltr'><em>πολλᾶν</em></span> <span class='ocrx_word' id='word_1_115' title='bbox 592 2858 628 2922; x_wconf 81' lang='grc' dir='ltr'><em>ἐκ</em></span> <span class='ocrx_word' id='word_1_116' title='bbox 648 2858 761 2923; x_wconf 86' lang='grc' dir='ltr'><em>πολίων</em></span> <span class='ocrx_word' id='word_1_117' title='bbox 776 2860 870 2948; x_wconf 79' lang='grc' dir='ltr'><em>χερσὶ</em></span> <span class='ocrx_word' id='word_1_118' title='bbox 890 2859 1084 2944; x_wconf 78' lang='grc' dir='ltr'><em>βιασάμενοι.</em></span> 
     </span>
     <span class='ocr_line' id='line_1_18' title="bbox 395 2966 1151 3057; baseline 0.001 -24"><span class='ocrx_word' id='word_1_119' title='bbox 395 2967 485 3034; x_wconf 83' lang='grc' dir='ltr'><em>καί**</em></span> <span class='ocrx_word' id='word_1_120' title='bbox 504 2969 643 3056; x_wconf 83' lang='grc' dir='ltr'><em>μετρεῖτ’</em></span> <span class='ocrx_word' id='word_1_121' title='bbox 662 2966 842 3056; x_wconf 86' lang='grc' dir='ltr'><em>Ἀρίστων</em></span> <span class='ocrx_word' id='word_1_122' title='bbox 863 2968 933 3057; x_wconf 72' lang='grc' dir='ltr'><em>ἡδὲ</em></span> <span class='ocrx_word' id='word_1_123' title='bbox 960 2969 1151 3042; x_wconf 81' lang='grc' dir='ltr'><em>Τελέστας</em></span> 
     </span>
     <span class='ocr_line' id='line_1_19' title="bbox 471 3078 1089 3169; baseline 0 -24"><span class='ocrx_word' id='word_1_124' title='bbox 471 3079 719 3169; x_wconf 81' lang='grc' dir='ltr'><em>αὐτοκασίγνητοι</em></span> <span class='ocrx_word' id='word_1_125' title='bbox 742 3080 817 3145; x_wconf 87' lang='grc' dir='ltr'><em>καλὰ</em></span> <span class='ocrx_word' id='word_1_126' title='bbox 839 3081 986 3151; x_wconf 82' lang='grc' dir='ltr'><em>Λάκωνες</em></span> <span class='ocrx_word' id='word_1_127' title='bbox 1007 3078 1089 3146; x_wconf 73' lang='grc' dir='ltr'><em>ἕθεν.</em></span> 
     </span>
     <span class='ocr_line' id='line_1_20' title="bbox 156 3191 1379 3279; baseline -0.002 -19"><span class='ocrx_word' id='word_1_128' title='bbox 156 3217 188 3260; x_wconf 86' lang='lat' dir='ltr'><em>v.</em></span> <span class='ocrx_word' id='word_1_129' title='bbox 207 3195 238 3259; x_wconf 85' lang='lat'><em>3.</em></span> <span class='ocrx_word' id='word_1_130' title='bbox 262 3195 290 3257; x_wconf 79' lang='grc' dir='ltr'><em>οἱ</em></span> <span class='ocrx_word' id='word_1_131' title='bbox 305 3191 437 3279; x_wconf 75' lang='grc' dir='ltr'><em>δ’ἔργον</em></span> <span class='ocrx_word' id='word_1_132' title='bbox 455 3193 635 3262; x_wconf 80' lang='grc' dir='ltr'><em>τελέσαντες</em></span> <span class='ocrx_word' id='word_1_133' title='bbox 645 3194 786 3276; x_wconf 81' lang='lat' dir='ltr'><strong>Kayser..</strong></span> <span class='ocrx_word' id='word_1_134' title='bbox 801 3211 884 3275; x_wconf 81' lang='lat' dir='ltr'><strong>quae</strong></span> <span class='ocrx_word' id='word_1_135' title='bbox 899 3192 1020 3258; x_wconf 80' lang='lat' dir='ltr'>medela</span> <span class='ocrx_word' id='word_1_136' title='bbox 1031 3193 1217 3261; x_wconf 83' lang='lat' dir='ltr'><strong>Schubartio</strong></span> <span class='ocrx_word' id='word_1_137' title='bbox 1233 3193 1379 3277; x_wconf 78' lang='lat' dir='ltr'><strong>(praefat.</strong></span> 
     </span>
     <span class='ocr_line' id='line_1_21' title="bbox 263 3304 890 3389; baseline -0.002 -19"><span class='ocrx_word' id='word_1_138' title='bbox 263 3325 293 3389; x_wconf 86' lang='lat' dir='ltr'><em>p.</em></span> <span class='ocrx_word' id='word_1_139' title='bbox 308 3304 413 3388; x_wconf 86' lang='lat' dir='ltr'>XXII)</span> <span class='ocrx_word' id='word_1_140' title='bbox 436 3306 548 3372; x_wconf 86' lang='lat' dir='ltr'><strong>merito</strong></span> <span class='ocrx_word' id='word_1_141' title='bbox 571 3304 735 3371; x_wconf 82' lang='lat' dir='ltr'><strong>violentior</strong></span> <span class='ocrx_word' id='word_1_142' title='bbox 757 3306 890 3371; x_wconf 80' lang='lat' dir='ltr'><strong>videtur.</strong></span> 
     </span>
     <span class='ocr_line' id='line_1_22' title="bbox 155 3415 1380 3506; baseline 0.002 -24"><span class='ocrx_word' id='word_1_143' title='bbox 155 3440 186 3486; x_wconf 85' lang='lat' dir='ltr'><em>v.</em></span> <span class='ocrx_word' id='word_1_144' title='bbox 209 3420 239 3482; x_wconf 84' lang='lat'><em>4.</em></span> <span class='ocrx_word' id='word_1_145' title='bbox 260 3417 344 3506; x_wconf 83' lang='grc' dir='ltr'><em>χᾶμε</em></span> <span class='ocrx_word' id='word_1_146' title='bbox 364 3419 511 3488; x_wconf 83' lang='grc' dir='ltr'><em>Λάκωνες</em></span> <span class='ocrx_word' id='word_1_147' title='bbox 532 3415 607 3481; x_wconf 85' lang='grc' dir='ltr'><em>ἔσαν</em></span> <span class='ocrx_word' id='word_1_148' title='bbox 629 3415 769 3484; x_wconf 85' lang='lat' dir='ltr'><strong>Dindorf.</strong></span> <span class='ocrx_word' id='word_1_149' title='bbox 791 3417 944 3500; x_wconf 76' lang='lat' dir='ltr'>probante</span> <span class='ocrx_word' id='word_1_150' title='bbox 966 3416 1152 3484; x_wconf 83' lang='lat' dir='ltr'><strong>Schubartio</strong></span> <span class='ocrx_word' id='word_1_151' title='bbox 1175 3415 1283 3502; x_wconf 62' lang='lat' dir='ltr'><strong>(praef,</strong></span> <span class='ocrx_word' id='word_1_152' title='bbox 1304 3415 1323 3481; x_wconf 94' lang='grc'><em>1.</em></span> <span class='ocrx_word' id='word_1_153' title='bbox 1339 3417 1380 3500; x_wconf 84' lang='grc' dir='ltr'><em>α.)</em></span> 
     </span>
    </p>
   </div>
   <div class='ocr_carea' id='block_1_7' title="bbox 246 3656 794 3825">
    <p class='ocr_par' dir='ltr' id='par_1_9' title="bbox 246 3656 794 3825">
     <span class='ocr_line' id='line_1_23' title="bbox 246 3656 794 3825; baseline -0.005 -15"><span class='ocrx_word' id='word_1_154' title='bbox 246 3745 379 3811; x_wconf 81' lang='lat' dir='ltr'><strong>rausan.</strong></span> <span class='ocrx_word' id='word_1_155' title='bbox 397 3745 451 3825; x_wconf 86' lang='lat' dir='ltr'><em>vr,</em></span> <span class='ocrx_word' id='word_1_156' title='bbox 474 3744 524 3823; x_wconf 78' lang='grc' dir='ltr'><em>ιο,</em></span> <span class='ocrx_word' id='word_1_157' title='bbox 550 3745 603 3808; x_wconf 85' lang='lat'><em>14:</em></span> <span class='ocrx_word' id='word_1_158' title='bbox 745 3656 794 3722; x_wconf 58' lang='grc' dir='ltr'><em>ω’</em></span> 
     </span>
    </p>
   </div>
   <div class='ocr_carea' id='block_1_8' title="bbox 153 3853 1382 4387">
    <p class='ocr_par' dir='ltr' id='par_1_10' title="bbox 153 3853 1382 4387">
     <span class='ocr_line' id='line_1_24' title="bbox 247 3853 1382 3944; baseline -0.002 -25"><span class='ocrx_word' id='word_1_159' title='bbox 247 3857 280 3919; x_wconf 78' lang='grc' dir='ltr'><em>τὸ</em></span> <span class='ocrx_word' id='word_1_160' title='bbox 300 3855 418 3943; x_wconf 81' lang='grc' dir='ltr'><em>μὲνδὴ</em></span> <span class='ocrx_word' id='word_1_161' title='bbox 441 3854 485 3939; x_wconf 77' lang='grc' dir='ltr'><em>ἐξλ</em></span> <span class='ocrx_word' id='word_1_162' title='bbox 506 3854 605 3944; x_wconf 76' lang='grc' dir='ltr'><em>ἀρχῆς</em></span> <span class='ocrx_word' id='word_1_163' title='bbox 628 3853 773 3924; x_wconf 85' lang='grc' dir='ltr'><em>Ιίλεοίτας</em></span> <span class='ocrx_word' id='word_1_164' title='bbox 799 3853 880 3918; x_wconf 84' lang='grc' dir='ltr'><em>ἐστίν</em></span> <span class='ocrx_word' id='word_1_165' title='bbox 909 3853 1020 3940; x_wconf 82' lang='grc' dir='ltr'><em>ἄφεσιν</em></span> <span class='ocrx_word' id='word_1_166' title='bbox 1046 3856 1307 3944; x_wconf 75' lang='grc' dir='ltr'><em>μηχανησάμενος</em></span> <span class='ocrx_word' id='word_1_167' title='bbox 1332 3856 1382 3917; x_wconf 85' lang='grc' dir='ltr'><em>καί</em></span> 
     </span>
     <span class='ocr_line' id='line_1_25' title="bbox 158 3965 1382 4057; baseline -0.002 -27"><span class='ocrx_word' id='word_1_168' title='bbox 158 3967 321 4057; x_wconf 78' lang='grc' dir='ltr'><em>φρονῆσαί</em></span> <span class='ocrx_word' id='word_1_169' title='bbox 340 3991 376 4051; x_wconf 91' lang='grc' dir='ltr'><em>γε</em></span> <span class='ocrx_word' id='word_1_170' title='bbox 399 3968 447 4030; x_wconf 81' lang='grc' dir='ltr'><em>ἐπί</em></span> <span class='ocrx_word' id='word_1_171' title='bbox 470 3974 516 4054; x_wconf 81' lang='grc' dir='ltr'><em>τῷ</em></span> <span class='ocrx_word' id='word_1_172' title='bbox 539 3967 704 4055; x_wconf 69' lang='grc' dir='ltr'><em>εὑρήματι,</em></span> <span class='ocrx_word' id='word_1_173' title='bbox 733 3967 778 4036; x_wconf 86' lang='grc' dir='ltr'><em>ὡς</em></span> <span class='ocrx_word' id='word_1_174' title='bbox 799 3967 847 4028; x_wconf 84' lang='grc' dir='ltr'><em>καί</em></span> <span class='ocrx_word' id='word_1_175' title='bbox 868 3965 1045 4050; x_wconf 78' lang='grc' dir='ltr'><em>ἐπίγραμμα</em></span> <span class='ocrx_word' id='word_1_176' title='bbox 1069 3965 1117 4028; x_wconf 80' lang='grc' dir='ltr'><em>ἐπὶ</em></span> <span class='ocrx_word' id='word_1_177' title='bbox 1144 3965 1303 4050; x_wconf 79' lang='grc' dir='ltr'><em>ἀνδριάντι</em></span> <span class='ocrx_word' id='word_1_178' title='bbox 1335 3972 1382 4049; x_wconf 79' lang='grc' dir='ltr'><em>τῷ</em></span> 
     </span>
     <span class='ocr_line' id='line_1_26' title="bbox 153 4077 755 4167; baseline -0.01 -20"><span class='ocrx_word' id='word_1_179' title='bbox 153 4079 318 4167; x_wconf 71' lang='grc' dir='ltr'><em>Ἀθήνησιν</em></span> <span class='ocrx_word' id='word_1_180' title='bbox 341 4079 510 4164; x_wconf 71' lang='grc' dir='ltr'><em>ἐπιγράψαι</em></span> <span class='ocrx_word' id='word_1_181' title='bbox 533 4078 584 4162; x_wconf 78' lang='lat' dir='ltr'><strong>(cs.</strong></span> <span class='ocrx_word' id='word_1_182' title='bbox 602 4078 626 4154; x_wconf 85' lang='lat' dir='ltr'><em>I,</em></span> <span class='ocrx_word' id='word_1_183' title='bbox 649 4079 699 4154; x_wconf 65' lang='grc' dir='ltr'><em>Ἃ,</em></span> <span class='ocrx_word' id='word_1_184' title='bbox 722 4077 755 4161; x_wconf 87' lang='grc'><em>3)</em></span> 
     </span>
     <span class='ocr_line' id='line_1_27' title="bbox 340 4186 1174 4280; baseline -0.005 -27"><span class='ocrx_word' id='word_1_185' title='bbox 340 4229 344 4238; x_wconf 80' lang='lat'><em>‚</em></span> <span class='ocrx_word' id='word_1_186' title='bbox 370 4191 405 4261; x_wconf 80' lang='grc' dir='ltr'><em>δς</em></span> <span class='ocrx_word' id='word_1_187' title='bbox 429 4193 482 4280; x_wconf 74' lang='grc' dir='ltr'><em>τὴν</em></span> <span class='ocrx_word' id='word_1_188' title='bbox 503 4192 669 4277; x_wconf 73' lang='grc' dir='ltr'><em>ἱππάφεσιν</em></span> <span class='ocrx_word' id='word_1_189' title='bbox 693 4189 725 4252; x_wconf 86' lang='grc' dir='ltr'><em>ἐν</em></span> <span class='ocrx_word' id='word_1_190' title='bbox 745 4186 888 4276; x_wconf 78' lang='grc' dir='ltr'><em>Ὀλυμπίᾳ</em></span> <span class='ocrx_word' id='word_1_191' title='bbox 911 4187 1026 4274; x_wconf 88' lang='grc' dir='ltr'><em>είίρατο</em></span> <span class='ocrx_word' id='word_1_192' title='bbox 1049 4192 1174 4272; x_wconf 83' lang='grc' dir='ltr'><em>πρῶτος</em></span> 
     </span>
     <span class='ocr_line' id='line_1_28' title="bbox 371 4299 1159 4387; baseline -0.001 -20"><span class='ocrx_word' id='word_1_193' title='bbox 371 4302 459 4376; x_wconf 76' lang='grc' dir='ltr'><em>τεῦξέ</em></span> <span class='ocrx_word' id='word_1_194' title='bbox 479 4325 522 4387; x_wconf 89' lang='grc' dir='ltr'><em>με</em></span> <span class='ocrx_word' id='word_1_195' title='bbox 542 4301 746 4373; x_wconf 80' lang='grc' dir='ltr'><em>Κλειοίτας</em></span> <span class='ocrx_word' id='word_1_196' title='bbox 767 4304 846 4372; x_wconf 83' lang='grc' dir='ltr'><em>υίὸς</em></span> <span class='ocrx_word' id='word_1_197' title='bbox 864 4299 1159 4387; x_wconf 83' lang='grc' dir='ltr'><em>Ἀριστοκλέους.</em></span> 
     </span>
    </p>
   </div>
   <div class='ocr_carea' id='block_1_9' title="bbox 251 4536 1142 4730">
    <p class='ocr_par' dir='ltr' id='par_1_11' title="bbox 251 4536 1142 4730">
     <span class='ocr_line' id='line_1_29' title="bbox 748 4536 796 4598; baseline 0 0"><span class='ocrx_word' id='word_1_198' title='bbox 748 4536 796 4598; x_wconf 92' lang='grc'><em>11.</em></span> 
     </span>
     <span class='ocr_line' id='line_1_30' title="bbox 251 4645 1142 4730; baseline -0.006 -16"><span class='ocrx_word' id='word_1_199' title='bbox 251 4649 358 4717; x_wconf 78' lang='lat' dir='ltr'><strong>cicero</strong></span> <span class='ocrx_word' id='word_1_200' title='bbox 380 4650 411 4716; x_wconf 86' lang='lat' dir='ltr'><em>in</em></span> <span class='ocrx_word' id='word_1_201' title='bbox 435 4648 469 4714; x_wconf 87' lang='lat' dir='ltr'><em>C.</em></span> <span class='ocrx_word' id='word_1_202' title='bbox 494 4649 621 4715; x_wconf 86' lang='lat' dir='ltr'><strong>Verrem</strong></span> <span class='ocrx_word' id='word_1_203' title='bbox 644 4653 704 4712; x_wconf 77' lang='lat' dir='ltr'><em>aot.</em></span> <span class='ocrx_word' id='word_1_204' title='bbox 721 4646 754 4712; x_wconf 90' lang='lat'><em>11</em></span> <span class='ocrx_word' id='word_1_205' title='bbox 776 4665 820 4712; x_wconf 90' lang='lat' dir='ltr'><em>or.</em></span> <span class='ocrx_word' id='word_1_206' title='bbox 837 4647 880 4713; x_wconf 91' lang='lat' dir='ltr'><em>IV</em></span> <span class='ocrx_word' id='word_1_207' title='bbox 903 4665 971 4730; x_wconf 81' lang='lat' dir='ltr'>cap.</span> <span class='ocrx_word' id='word_1_208' title='bbox 987 4645 1028 4710; x_wconf 82' lang='lat'><em>4³</em></span> <span class='ocrx_word' id='word_1_209' title='bbox 1052 4645 1142 4730; x_wconf 70' lang='lat'><em>§932</em></span> 
     </span>
    </p>
   </div>
   <div class='ocr_carea' id='block_1_10' title="bbox 0 0 1680 5376">
    <p class='ocr_par' dir='ltr' id='par_1_12' title="bbox 0 0 1680 5376">
     <span class='ocr_line' id='line_1_31' title="bbox 0 0 1680 5376; baseline 0 0"><span class='ocrx_word' id='word_1_210' title='bbox 0 0 1680 5376; x_wconf 95' lang='lat' dir='ltr'><em> </em></span> 
     </span>
    </p>
   </div>
  </div>
 </body>
</html>
