3330 5378
798 456 988 516 ..4..

288 640 629 723 accepisse·periegeta
656 641 804 707 indicavit
833 639 985 724 (λέγουσι,
1013 639 1257 728 μνημονεύουσι,
1286 639 1391 727 φασί),
1426 641 1503 708 alios

285 751 411 834 aliquod
440 735 606 818 s'rtificium
635 749 804 835 perfecisse
831 751 1014 835 simphciter
1045 751 1211 826 affirmavit
1243 752 1364 842 (τέχνη,
1397 749 1500 838 ἔργον,

290 861 427 952 ἐποίησε,
450 863 641 951 εἰργάσατο).
685 863 802 943 Quodsi
823 865 870 930 ita
891 869 975 930 esset
994 863 1245 947 intelligendum,
1272 869 1309 930 ut
1329 864 1387 932 hos
1408 865 1502 932 etiam

285 976 431 1059 operibus
454 976 620 1060 inscriptos
642 974 738 1042 fuisse
760 977 850 1043 nobis
876 976 1052 1060 putandum
1080 981 1180 1054 esset,
1209 974 1278 1042 illos
1306 995 1395 1058 vero,
1422 995 1501 1060 quos
1572 995 1579 1008 ·

283 1087 395 1154 iecisse
417 1089 457 1170 ab
479 1088 551 1154 aliis
573 1087 693 1154 audivit
716 1087 808 1174 (φασί
828 1093 860 1156 et
879 1088 901 1172 .)
932 1107 993 1156 non
1015 1087 1112 1174 fuisse
1134 1088 1314 1172 inscriptos,
1343 1089 1421 1156 satis
1449 1087 1501 1154 fir-

283 1217 367 1267 mum
389 1199 627 1284 inscriptionum
650 1200 798 1268 indicium
820 1201 1017 1268 haberemus.
1064 1199 1123 1266 cni
1145 1200 1191 1268 rei
1213 1219 1252 1268 ne
1278 1200 1408 1267 nimium
1436 1219 1501 1268 cre-

282 1311 402 1389 damus,
425 1329 462 1379 eo
485 1331 654 1394 movemur,
675 1311 760 1393 quod
782 1311 867 1379 haud
889 1331 962 1381 raro
984 1313 1065 1380 alter
1082 1311 1234 1380 afferendi
1248 1309 1375 1380 artificis
1389 1299 1516 1380 modus

278 1423 372 1491 'alteri
393 1441 523 1506 prorsus
544 1424 727 1507 respondet:
802 1435 804 1438 ·
1278 1487 1280 1494 ,
1420 1493 1423 1500 ,

365 1535 427 1616 VI,
452 1537 507 1618 10,
531 1537 565 1600 9:
587 1535 715 1601 Λυκίνου
738 1535 774 1600 δέ
796 1533 901 1601 έστιν
928 1535 1057 1624 ἀνδριὰς
1078 1536 1222 1608 Κλέωνος
1250 1537 1355 1628 τέχνη,
1385 1540 1437 1603 τὸν
1463 1538 1500 1605 δὲ

286 1647 424 1713 Τέλλωνα
446 1650 531 1721 ὅστις
553 1649 720 1736 εἰργάσατο
748 1647 783 1712 ού
808 1649 1107 1738 μνημονεύουσι
1129 1650 1166 1727 V,
1195 1651 1253 1730 20,
1282 1651 1316 1716 2:
1343 1649 1499 1716 Κωλώτου

280 1760 317 1825 δέ
339 1760 448 1825 ἐστιν
470 1757 572 1848 ἔργον,
595 1761 672 1826 εἶναι
689 1761 726 1826 δέ
748 1784 869 1848 φασιν
890 1761 928 1836 ἐξ
942 1757 1129 1850 Ἡρακλείας.
1174 1763 1234 1842 Vl,
1257 1763 1287 1845 8,
1311 1764 1343 1828 l:
1366 1766 1420 1827 τοῦ
1440 1762 1498 1848 μὲν

281 1873 333 1936 τὸν
356 1874 526 1959 ποιησαντα
547 1873 583 1936 ού
605 1873 783 1955 λέγουσι,
814 1874 868 1962 την
891 1872 927 1938 δὲ
950 1877 1002 1938 τοῦ
1021 1869 1166 1966 Ἀμέρτου
1191 1872 1349 1961 Φράδμων
1369 1871 1497 1964 έτιοίη-

279 2006 345 2048 σεν
363 1965 497 2070 Ἀργείας
525 1984 562 2051 af.
585 1985 645 2066 VI,
674 1985 710 2066 3,
734 1987 768 2050 7:
792 1985 971 2070 Εὐπολέμου
994 1985 1030 2050 δὲ
1052 1987 1106 2074 ιὴν
1125 1985 1184 2071 μὲν
1206 1985 1308 2050 εἰκόνα
1329 1985 1498 2059 Σικυώνιος

215 2139 216 2144 1
279 2093 492 2184 εἴργασται
514 2095 665 2168 Δαίδαλος
675 2143 684 2173 ,
708 2099 742 2162 τὸ
764 2094 794 2160 δ’
819 2095 1043 2184 ἐπίγραμμα
1066 2099 1100 2161 τὸ
1123 2093 1172 2161 ἐπ’
1196 2097 1283 2184 αύτῷ
1304 2098 1415 2187 μηνύει
1437 2100 1496 2164 κτέ.

278 2215 311 2276 et
332 2210 369 2290 V,
393 2211 443 2285 25,
465 2211 501 2274 4:
525 2207 636 2293 τὸμὲν
659 2207 698 2296 δὴ
721 2207 944 2295 ἐπίγραμμα
966 2207 1080 2298 ἐδήλου
1103 2209 1137 2272 τδ
1160 2209 1289 2300 ἀρχαῖον
1311 2209 1497 2300 ἀναθήματος

279 2319 354 2384 εἶναι
377 2326 438 2385 τῶν
461 2320 494 2385 ἐν
516 2318 656 2408 αορδμιγί
670 2320 853 2410 Μεσσηνίων
875 2357 918 2368 -
939 2317 1017 2407 ἔργα
1032 2321 1069 2385 δέ
1092 2317 1317 2386 εἰσινἨλείου
1333 2321 1499 2394 Κάλλωνος

277 2433 308 2496 αἰ
330 2433 453 2505 εἰκόνες.

360 2527 480 2612 Deinde
494 2545 520 2622 I,
542 2545 593 2625 33,
615 2545 634 2609 3
659 2544 698 2610 de
716 2544 857 2610 Nemesis
872 2547 980 2611 statua
996 2545 1195 2614 Rhamnunte
1209 2546 1312 2630 posita
1324 2547 1496 2614 Pausanias

275 2655 407 2722 tradidit
429 2657 536 2720 τοῦτον
560 2652 685 2725 Φειδίας
714 2655 764 2719 τὸν
794 2651 881 2718 iidoc
912 2655 1098 2741 εἰργάσατο,
1126 2658 1210 2738 quod
1237 2658 1360 2724 etiami
1387 2677 1496 2724 verum

276 2785 345 2834 esse
367 2767 574 2845 concedimus,
598 2771 703 2833 tamen
726 2765 857 2833 Phidiae
879 2785 991 2833 nomen
1014 2768 1099 2849 operi
1122 2768 1331 2852 subscriptum
1350 2787 1412 2835 non
1428 2767 1495 2850 fuit,

274 2878 367 2944 immo
391 2896 464 2944 vero
487 2877 663 2959 Agoracriti
689 2894 801 2943 nomen
829 2882 952 2944 statuae
980 2878 1028 2943 uel
1060 2878 1195 2946 tabellae
1223 2898 1260 2946 ex
1288 2885 1394 2945 statua
1420 2897 1495 2961 pen-

275 2989 360 3054 denti
382 2987 566 3070 inscriptum
589 2986 686 3054 fuisse
709 2988 877 3054 memoriae
900 2988 1050 3055 traditum
1073 2990 1149 3065 est1‚
1172 2990 1218 3055 ita
1241 2995 1278 3056 ut
1299 2990 1358 3057 hoc
1372 2991 1495 3073 potissi·

273 3115 358 3165 mum
386 3117 465 3181 opus
492 3097 618 3164 Phidias
654 3098 755 3164 »illius
784 3097 899 3164 nomini
933 3099 1107 3166 donassec²
1141 3099 1294 3167 videatur.
1344 3099 1495 3168 Simihter

274 3210 386 3277 Matris
409 3210 543 3293 Magnae
564 3214 716 3290 statuam,
740 3228 835 3293 quam
860 3210 1047 3294 Agoracrito
1068 3211 1188 3277 Plinius
1209 3211 1355 3294 tribuit⁸,
1378 3212 1494 3280 Pausa·

273 3322 341 3388 nias
363 3322 389 3403 Ι,
411 3321 441 3401 3,
465 3321 483 3385 5
506 3320 647 3387 Phidiam
671 3319 784 3387 iecisse
805 3309 971 3388 affirmavit
995 3319 1117 3393 Φειδίας
1140 3323 1317 3409 εἰργάσατο.

358 3432 446 3511 Quae
467 3450 537 3499 cum
566 3433 612 3498 ita
638 3432 716 3512 sint,
747 3450 784 3497 ex
815 3431 876 3497 illis
904 3430 1050 3520 ἐποίησεν
1080 3433 1263 3520 εἰργάσατο,
1294 3432 1382 3523 τέχνη
1411 3432 1492 3500 ἐστίν

273 3543 417 3627 colligere
440 3563 502 3611 non
523 3561 700 3627 possumus,
722 3541 879 3608 artificum
900 3544 1025 3610 nomina
1048 3545 1142 3611 etiam
1164 3544 1196 3610 in
1223 3545 1369 3629 operibus
1385 3543 1490 3611 fuisse.

357 3655 429 3721 Jam
450 3655 578 3737 propius
601 3654 641 3719 cd
670 3659 809 3720 nostram
838 3671 904 3718 rem
933 3653 1126 3721 accedamus.
1172 3654 1359 3722 Pausaniam
1385 3675 1491 3723 omues

274 3783 402 3847 operum
425 3766 651 3851 inscriptiones,
673 3783 752 3849 quas
774 3763 860 3844 vidit,
882 3765 1024 3830 attulisse
1046 3783 1117 3830 cum
1138 3784 1195 3848 per
1217 3783 1251 3833 sc
1273 3766 1398 3834 minime
1419 3786 1490 3850 prc-

271 3875 373 3943 bahile
396 3881 454 3958 est,
476 3882 544 3943 tum
567 3875 715 3958 exemplis
738 3876 867 3958 insuper
889 3876 1010 3958 explodi
1032 3880 1152 3958 potest:
1167 3875 1192 3959 1,
1216 3877 1267 3958 23,
1289 3877 1319 3958 8,
1342 3876 1434 3948 ἵππος
1454 3877 1490 3941 δὲ
1550 3899 1553 3906 ·

272 3987 289 4047 d
312 3987 502 4072 καλούμενος
524 3987 651 4073 δούριος
672 3986 828 4050 ἀνάκειται
845 3984 990 4075 χαλκοῦς,
1017 4004 1109 4068 quem
1131 4005 1245 4070 equum
1268 3986 1380 4054 deinde
1400 4007 1489 4056 atcu-

271 4097 372 4164 ratius
395 4098 561 4181 descripsit
583 4097 710 4190 artifice
724 4115 786 4164 non
808 4095 912 4178 adsto,
936 4114 1028 4178 quem
1050 4095 1301 4180 Stronngoncm
1323 4096 1422 4167 fuisse
1443 4101 1489 4165 in-

269 4209 437 4292 scriptione
465 4213 591 4290 reperts
619 4208 662 4293 (n.
693 4207 746 4292 17)
774 4207 897 4274 sumus.
932 4207 957 4288 Ι,
981 4207 1031 4290 23,
1053 4208 1074 4272 4
1096 4206 1243 4292 ἄγαλμα.
1264 4256 1272 4273 .
1294 4256 1329 4272 ..
1361 4205 1488 4298 Ἀθηνᾶς

339 4497 435 4552 rfluid.
453 4507 479 4551 et
495 4498 569 4553 Phot.
588 4513 610 4550 ι.
628 4515 650 4550 v.
665 4490 821 4560 Ῥαμνουσίο
840 4489 964 4560 Νέμεσις.
999 4498 1200 4564 11111181.
1263 4501 1264 4504 '

336 4583 479 4648 ’mih
500 4587 540 4641 17.

336 4670 481 4733 ⁸XXXVI,
501 4673 540 4726 17.
