3330 5378
609 469 797 532 „9-

184 658 263 724 Cum
285 663 389 724 autem
411 655 543 724 Graecia
565 655 747 722 aRomonis
770 655 938 723 victoribus
961 656 1101 737 plurimis
1124 658 1157 720 et
1177 654 1311 739 egregiis

97 769 210 836 statuis
232 769 454 852 spoliaretur¹‚
482 767 590 850 bases,
612 786 682 834 cum
705 785 858 834 marmore
881 772 913 833 et
935 767 1029 833 ltalia
1050 755 1211 846 abundet,
1227 770 1312 832 certe

96 880 224 968 relictos
246 885 328 946 sunt.
372 880 443 946 Huc
472 896 595 963 quoque
622 877 731 945 referri
760 883 892 961 possunt
913 878 1089 945 Pausaniae
1118 878 1202 944 dicta
1223 877 1311 956 Vlll,

97 991 152 1070 30,
176 992 212 1056 5:
235 991 295 1076 πρὸ
318 990 354 1055 δὲ
378 994 430 1056 τοῦ
456 993 529 1054 ναοῦ
552 995 608 1080 τῆς
629 991 755 1078 Μητρὸς
777 989 906 1075 ἀνδριὰς
924 989 982 1074 μὲν
1004 989 1107 1060 οὐδείς
1126 987 1209 1065 ἐστι,
1232 987 1313 1082 δῆλα

96 1100 132 1164 δὲ
153 1099 191 1190 ἦν
214 1102 250 1166 τὰ
270 1100 383 1188 βάδρα
404 1101 518 1188 ἐφ’ὧν
540 1101 724 1188 ἀνδριάντες
750 1102 822 1166 ποτὲ
854 1103 1032 1191 ἑστήκεσαν.
1078 1101 1170 1183 VIII,
1192 1100 1243 1179 38,
1274 1101 1311 1164 5:

97 1209 161 1278 ἔστι
182 1212 218 1277 δὲ
240 1211 349 1278 ahtoda
372 1213 416 1298 (in
439 1213 560 1296 Lycaeo
581 1213 699 1298 monio)
727 1212 920 1300 ἀνδριάντων
941 1212 1054 1301 βάδρα
1081 1211 1136 1278 οὐκ
1166 1211 1313 1277 ἐπιόντων

97 1322 140 1389 ἔτι
161 1323 364 1411 ἀνδριάντων,
388 1324 522 1407 ἐλεγεῖον
544 1325 580 1390 δὲ
602 1324 649 1389 ἐπὶ
672 1328 733 1389 τῶν
747 1323 893 1411 βάθρων.
927 1326 1016 1407 VIII,
1032 1327 1083 1407 49,
1100 1328 1134 1389 1:
1151 1323 1186 1388 οὐ
1203 1323 1313 1410 πόρρω

96 1434 132 1499 δὲ
154 1440 209 1523 τῆς
230 1436 351 1522 ἀγορᾶς
372 1437 520 1521 (Iegoae)
544 1433 678 1522 θέατρόν
701 1459 735 1501 τε
757 1435 822 1502 ἐστι
843 1438 891 1502 καὶ
914 1438 993 1524 πρὸς
1019 1436 1106 1522 αὐτῷ
1133 1433 1246 1522 βάδρα
1274 1436 1313 1499 εἰ·

96 1546 193 1611 κόνων
210 1548 350 1638 χαλκῶν·
380 1547 467 1613 αὐταὶ
489 1547 524 1611 δὲ
547 1545 602 1612 οὔκ
623 1549 696 1613 εἰσιν
719 1545 763 1613 ἔτι
784 1550 815 1612 al
838 1548 954 1619 εἰκόνες
975 1548 1116 1632 ἐλεγεῖον
1145 1547 1181 1612 δὲ
1208 1545 1315 1633 ἐφ’ἑνὶ

97 1662 157 1722 τῶν
178 1656 314 1745 βάθρων
336 1658 395 1722 κτλ.
419 1664 452 1725 et
472 1658 560 1724 illum
581 1678 673 1726 usum
695 1677 888 1728 communem
904 1660 1000 1727 fuisse
1016 1658 1175 1727 Ciceronis
1191 1676 1315 1741 quoque

97 1770 209 1836 docent
233 1769 265 1835 in
288 1770 376 1837 Verr.
406 1773 465 1837 aot.
490 1769 522 1835 II
549 1787 593 1836 or.
620 1769 669 1848 lli
698 1771 741 1855 ἓξ
765 1767 821 1852 78,
848 1772 904 1848 97,
933 1771 1030 1837 127¹.
1074 1768 1315 1839 Evidentissime

97 1869 201 1948 autem
223 1881 379 1949 Romanos
401 1882 493 1952 bases
515 1895 621 1950 secum
644 1902 707 1949 nou
728 1887 871 1965 portasse
892 1901 928 1949 eo
952 1883 1202 1964 demonstratur,
1229 1882 1313 1966 quod

96 1992 182 2059 nulla
203 1993 331 2061 artificis
353 1995 512 2078 inscriptio
534 1999 602 2062 tota
625 1994 718 2061 Italia
738 1994 840 2062 adhuc
861 2000 986 2078 reperta
1009 1998 1103 2074 extat,
1137 2012 1219 2077 quae
1241 1999 1315 2062 ante

96 2105 135 2170 ol.
161 2105 221 2170 158
246 2105 363 2189 scripta
385 2107 543 2188 videatur,
566 2124 754 2190 quamquam
776 2106 826 2172 vel
848 2107 1135 2190 antiquissimorum
1161 2104 1314 2173 artificum

96 2221 191 2300 opera
202 2217 321 2285 Romae
335 2217 449 2285 luisse8
465 2237 557 2286 nemo
572 2224 629 2296 est,
644 2219 719 2300 quin
734 2219 871 2302 ignoret3
886 2220 1036 2301 probatur
1047 2218 1175 2303 insuper
1190 2216 1313 2299 Eupoli,

96 2329 275 2411 Democriti,
299 2329 466 2396 Calamidis
486 2329 665 2397 Callimachi
687 2330 817 2396 aliorum
842 2328 969 2406 titulis⁴‚
992 2347 1070 2413 quos
1092 2346 1154 2395 nou
1176 2330 1216 2396 ab
1240 2329 1315 2395 arti·

96 2438 204 2508 ficibus
226 2441 303 2524 ipsis
324 2440 481 2525 profectos
504 2460 573 2510 esse
595 2447 628 2509 et
647 2443 802 2525 scriptura
817 2446 850 2508 et
864 2441 986 2507 basium
1001 2433 1122 2509 formae
1137 2440 1311 2509 evincunt⁵.

180 2551 217 2616 ln
239 2550 371 2618 Graecia
392 2558 497 2620 autem
520 2558 604 2621 certe
631 2572 693 2620 non
722 2571 830 2620 omnes
858 2552 950 2619 bases
978 2553 1092 2618 statuis
1120 2553 1238 2635 ereptis
1267 2552 1314 2618 iu-

96 2667 197 2730 tactae
224 2668 420 2745 manserunt,
449 2669 495 2744 et,
524 2651 572 2730 ut¹
587 2663 646 2732 hoc
675 2682 771 2731 unum
800 2667 923 2730 tantum
949 2682 1108 2745 moneam,
1135 2663 1314 2747 quingentis

97 2772 156 2839 illis
179 2774 292 2840 statuis
314 2793 334 2840 a
356 2774 480 2842 Nerone
504 2773 632 2858 Delphis
654 2774 786 2862 sublatis
809 2775 900 2842 bases
922 2774 1030 2840 inanes
1058 2774 1134 2842 locis
1161 2775 1227 2842 suis
1254 2778 1315 2842 ste·

97 2886 172 2952 tisse
194 2904 251 2952 uec
265 2886 438 2952 Pausanias
453 2887 494 2968 X,
515 2889 578 2969 7,1
603 2886 744 2963 tradidit,
766 2906 824 2954 nec
844 2886 1011 2953 verisimile
1032 2891 1090 2968 est,
1113 2904 1176 2970 qua
1195 2905 1230 2953 re
1244 2903 1314 2954 con·

97 2998 266 3066 cedendum
288 2998 420 3079 videtur,
441 2999 510 3086 jam
533 3003 655 3066 veteres
677 3001 762 3081 ipsos
777 2998 901 3081 saepius
917 2997 985 3065 illos
999 2998 1119 3081 lapides
1133 2998 1315 3082 quadratos,

97 3110 149 3192 qui
182 3110 298 3192 optime
333 3110 405 3176 usui
434 3111 637 3192 conveniunt,
673 3110 713 3176 ad
743 3109 884 3178 aedificia
918 3111 1091 3177 eximenda
1126 3110 1315 3191 adhibuisse,

98 3222 181 3304 quod
202 3223 379 3304 posteriorc
407 3227 546 3306 tempore
572 3223 753 3305 saepissime
781 3222 930 3289 accidisse
958 3221 1122 3305 permultis
1150 3221 1315 3306 lapidibus,

98 3349 174 3413 quos
203 3333 237 3398 iu
266 3333 477 3401 aedificiorum
507 3334 603 3401 muris
634 3335 774 3402 inclusos
807 3333 985 3401 etiamnunc
1014 3333 1119 3399 uidere
1150 3350 1315 3416 possumus

99 3443 465 3527 (n.a·,15,17‚23*.
494 3446 563 3510 ιω.
592 3446 665 3510 cau⁸
699 3446 788 3509 107⁸.
814 3445 884 3510 123.
910 3445 979 3510 roo.
1011 3445 1084 3528 161)
1107 3442 1316 3526 coronatur,

98 3561 191 3640 atque
212 3557 266 3624 ,ita
293 3557 377 3624 haud
405 3575 521 3640 paucos
550 3557 704 3626 artificum
737 3558 845 3624 titulos
878 3557 1033 3624 interiisse
1064 3555 1158 3623 lacile
1196 3556 1313 3623 credes.

98 3667 216 3747 Quibus
243 3667 337 3735 variis
363 3673 468 3735 autem
497 3667 598 3736 modis
628 3669 724 3736 bases
751 3667 854 3736 medio
884 3685 961 3735 aeuo
990 3673 1023 3736 et
1049 3667 1165 3736 nostris
1192 3685 1316 3753 quoque

165 3920 252 3974 loon.
269 3920 385 3976 Mueller.
411 3919 479 3976 Hdh.
497 3921 522 3973 d.
538 3920 613 3974 Arch.
643 3921 679 3974 111
697 3921 737 3975 ed.
765 3921 841 3987 5165
859 3937 883 3989 p.
898 3921 947 3976 174
965 3935 1020 3987 sqq.

163 4009 219 4060 les.
237 4007 389 4061 Winokolm.
408 4007 464 4059 hist
484 4014 530 4062 ort.
546 4007 591 4069 11,
605 4010 630 4070 3,
645 4010 678 4063 12
696 4007 727 4060 0.
739 4006 815 4060 Jahn.
833 4005 910 4059 Aroh.
922 4005 1005 4060 Belin
1017 4023 1044 4074 p.
1059 4007 1090 4062 19
1108 4011 1159 4059 not
1175 4007 1207 4060 17
1225 4021 1314 4074 quom·

98 4111 170 4162 quom
189 4093 322 4148 Leocharis
340 4093 540 4160 inscriptionem,
566 4092 598 4145 do
615 4110 666 4160 qua
683 4093 722 4144 illi
741 4093 876 4161 disputant
895 4091 927 4143 11.
940 4090 992 4154 -11.,
1013 4091 1082 4144 houd
1103 4090 1238 4160 genuinam
1259 4109 1316 4146 osso

97 4179 221 4232 Braunius
244 4179 329 4232 docuit
351 4180 419 4246 (hist
445 4179 518 4231 artill'.
539 4179 550 4230 1
573 4179 691 4243 addend.)
726 4177 765 4230 De
788 4178 878 4229 endem
902 4193 931 4229 rc
955 4193 1019 4245 quse
1036 4176 1159 4245 Borghiua
1182 4177 1317 4247 disputarit

98 4267 133 4334 (in
149 4266 206 4319 leet.
225 4265 276 4317 ind.
294 4264 374 4317 Marb.
395 4266 463 4322 laco
482 4282 544 4319 sam.
568 4265 640 4330 acet.)
662 4263 787 4332 inspicere
809 4279 860 4315 non
882 4260 968 4325 licuit,
990 4263 1036 4315 sed
1059 4281 1082 4316 ι.
1099 4263 1128 4316 Is.
1145 4263 1219 4317 Roas.
1242 4263 1310 4317 arola

98 4352 181 4404 Anias.
201 4351 226 4402 11
247 4369 272 4418 p.
290 4353 348 4408 293.
367 4370 421 4419 sqq.
801 4413 802 4416 Ἴ

162 4434 328 4505 langaran
345 4437 405 4490 tulis
424 4437 537 4506 »proprio
555 4435 663 4504 quodam
680 4435 837 4504 intelligendi
860 4429 972 4488 ambitu·
997 4435 1117 4504 (Quintil.
1135 4433 1201 4500 XII,
1220 4437 1267 4500 10,
1285 4435 1313 4506 fi)

98 4522 244 4589 praetulisse
261 4531 370 4576 constat:
388 4523 463 4576 Paua.
483 4523 550 4588 VIII,
573 4525 615 4585 46,
632 4525 658 4578 4.
684 4523 751 4575 Plin.
768 4521 887 4586 XXXVI,
907 4523 946 4578 13.

164 4611 215 4662 ⁴11.
230 4611 279 4666 175
297 4626 351 4677 sqq
938 4601 941 4608 ⁴

164 4691 223 4746 ⁵H.
241 4693 335 4748 Brunn.
352 4713 416 4750 mus.
433 4695 481 4748 Rh.
501 4714 525 4748 n.
543 4712 592 4749 aar.
612 4695 681 4760 VIII,
699 4713 724 4765 p.
738 4695 787 4752 235
805 4711 842 4761 sq.
