3330 5378
820 467 1006 556 -“ρ...

392 653 435 750 ht
455 683 545 751 nobis
567 701 660 767 agere
682 683 712 747 in
735 682 839 748 animo
869 688 917 749 est
945 682 984 749 de
1014 682 1237 750 statuariornm
1269 679 1524 768 sculptorumqne

307 793 415 876 titulis,
440 793 612 877 dequibus
635 793 790 860 universis
815 793 974 861 rarissime
995 794 1097 861 adhuc
1120 794 1314 877 disputatum
1336 799 1394 862 est.
1652 785 1654 789 ’

391 907 436 973 Ac
458 907 591 991 primum
613 904 740 990 quidem
763 904 894 972 Carolus
914 905 1044 974 Datiusl
1073 906 1289 990 inscriptiones
1311 914 1452 974 ueterum
1474 926 1523 974 ar·

307 1016 426 1085 tifieum
451 1019 607 1098 tractavit,
631 1018 685 1099 qui
708 1016 895 1100 scriptorum
911 1017 986 1085 locIs
1003 1017 1167 1102 diligenter
1182 1018 1338 1101 congestis
1352 1038 1408 1102 pro
1424 1020 1521 1102 copIa,

305 1147 387 1212 quae
408 1134 482 1197 tunc
504 1129 647 1211 extabat,
669 1127 833 1196 titulorum
856 1128 936 1196 bene
959 1134 991 1196 et
1013 1128 1172 1212 ingeniose
1195 1129 1351 1197 disseruit.
1398 1131 1523 1200 Nostris

306 1243 498 1326 temporibus
521 1241 560 1309 de
582 1260 617 1309 re
639 1242 728 1309 nobis
751 1242 912 1326 proposita
933 1247 1024 1308 nemo
1045 1240 1111 1309 lere
1134 1242 1197 1325 egit
1223 1262 1286 1310 uno
1308 1242 1443 1310 Franzio
1472 1265 1523 1312 ex-

306 1359 411 1438 cepto,
434 1354 540 1439 quiin
563 1353 651 1420 elem.
675 1352 773 1438 epig'r.
796 1371 826 1435 p.
843 1352 905 1418 343
928 1354 1127 1431 brevissime,
1154 1359 1191 1420 ut
1212 1353 1257 1420 illi
1278 1355 1346 1422 loco
1369 1357 1520 1435 convenit,

304 1486 406 1552 pauca
425 1467 578 1549 quaedam
601 1466 687 1533 dixit.
733 1464 822 1550 Siqui
843 1465 929 1534 circa
958 1466 1080 1550 singula
1110 1467 1226 1534 versati
1254 1473 1344 1545 snnt,
1374 1485 1427 1534 eos
1457 1467 1524 1536 suis

303 1579 380 1648 lchs
402 1578 627 1648 adhibebimus.
1135 1639 1137 1644 .

392 1691 499 1757 Mirari
521 1695 626 1756 autem
649 1707 709 1756 non
731 1707 908 1771 possumus,
930 1708 1102 1774 perpaucos
1126 1693 1248 1756 tantnm
1270 1689 1354 1756 viros
1376 1692 1405 1757 d.
1429 1691 1468 1757 de
1488 1711 1521 1758 re

306 1803 397 1870 nobIs
424 1803 584 1888 proposita
612 1802 817 1884 quaesivisse
848 1801 931 1884 qnod
961 1808 998 1868 ut
1026 1801 1253 1884 intelligamus,
1280 1803 1520 1884 meminerimus,

289 1920 381 1998 wquot
404 1913 487 1980 tituli
510 1914 603 1981 etiam
625 1911 797 1996 Lessingio,
820 1913 874 1995 qui
896 1913 928 1979 in
952 1913 1138 1980 Laocoontis
1161 1912 1316 1998 §XXVII
1338 1914 1370 1980 in
1392 1913 1432 1980 iis
1454 1935 1521 1983 ver·
1627 1917 1630 1923 “

306 2030 394 2093 satus
416 2030 475 2110 est,
496 2029 623 2108 praesto
645 2023 778 2105 iuerint;
800 2025 910 2091 citavit
931 2026 1011 2091 enim
1034 2030 1067 2093 et
1088 2043 1167 2107 quos
1190 2026 1232 2091 M.
1249 2025 1370 2093 Gudius
1393 2027 1520 2110 college·

304 2146 355 2206 rat
381 2138 412 2204 in
441 2137 662 2207 commentario
690 2136 730 2204 ad
761 2136 896 2205 Phaedri
924 2137 997 2205 libri
1020 2137 1048 2203 V
1076 2135 1239 2221 prologum
1267 2137 1350 2207 lacto
1378 2143 1412 2206 et
1444 2152 1521 2222 qnos

303 2250 478 2318 Gronovius
500 2251 532 2317 in
554 2250 695 2318 thesauri
717 2250 792 2317 tomi
815 2251 861 2317 IX
882 2250 1076 2335 praefatione
1095 2250 1249 2318 Gudianis
1272 2251 1446 2334 addiderat,
1469 2252 1522 2337 qui

303 2384 409 2433 omnes
431 2384 492 2433 non
514 2362 586 2448 plus
608 2363 858 2447 quattuordecim
883 2361 932 2430 vel
953 2363 1130 2447 quindecim
1153 2369 1236 2430 sunt.
1272 2363 1397 2456 Nostris
1416 2369 1522 2432 autem

302 2478 412 2547 diebus
435 2495 556 2546 summo
578 2474 683 2544 studio
711 2491 793 2556 qnae
821 2474 927 2544 invida
954 2483 1040 2545 terra
1066 2477 1192 2545 condita
1219 2482 1294 2545 sunt
1320 2482 1522 2545 monumenta

302 2592 432 2674 antiqua
455 2590 645 2674 eripiuntur,
669 2587 715 2654 ita
736 2595 773 2655 ut
794 2589 825 2655 in
848 2588 914 2655 dies
936 2588 1001 2657 iere
1024 2591 1120 2657 etiam
1142 2590 1297 2657 artificum
1320 2593 1447 2660 nomina
1468 2590 1521 2658 ad·

301 2705 363 2772 huc
384 2702 525 2770 inaudita
547 2701 649 2768 titulis
671 2700 803 2782 repertis
825 2700 1030 2768 innotescant.
1069 2703 1172 2786 Atque
1195 2722 1302 2770 earum
1323 2703 1451 2784 quidem
1473 2722 1521 2769 ar·

302 2814 418 2883 tificum
441 2813 678 2897 inscriptionum
701 2830 779 2895 quas
802 2831 884 2879 nunc
905 2813 1248 2895 hahemus‚.Henricus
1270 2814 1445 2895 Brunnius,
1469 2815 1521 2897 qui

303 2931 376 2993 ante
397 2926 454 2992 hos
477 2925 585 2992 XVIII
613 2941 711 2991 annos
738 2924 873 3007 priorem
900 2924 1049 2992 historiae
1079 2923 1234 2993 artificum
1257 2925 1448 2994 Graecorum
1475 2930 1522 2992 to-

299 3056 386 3104 mum
411 3036 528 3121 publici
552 3037 634 3119 juris
663 3034 753 3117 iecit,
785 3034 910 3103 tertiam
940 3035 1006 3103 lere
1035 3041 1155 3119 partem
1184 3056 1245 3104 non
1270 3039 1337 3120 J'am
1365 3037 1520 3120 cognitam

300 3149 426 3229 habuit;
449 3147 561 3216 deinde
583 3166 622 3214 ne
638 3145 850 3214 Overheekius
872 3147 1007 3230 quidem,
1029 3149 1084 3230 qui
1106 3149 1284 3232 nuperrime
1306 3148 1338 3213 in
1359 3149 1439 3216 libro
1461 3149 1520 3216 uti·

301 3261 417 3328 lissimo
439 3260 627 3342 scriptorum
649 3264 789 3327 veterum
811 3260 910 3340 dicta,
934 3279 1014 3343 qnae
1036 3260 1076 3327 ad
1098 3258 1235 3328 artifices
1257 3266 1416 3345 spectant,
1439 3279 1520 3328 eom·

300 3373 420 3455 posuit,
443 3389 549 3439 omnes
571 3371 802 3455 inscriptiones,
830 3388 912 3453 quae
934 3376 1155 3452 concertant,
1178 3370 1299 3438 addidit
1320 3372 1391 3440 aliis
1414 3371 1453 3441 de
1475 3373 1519 3439 in·

302 3483 425 3550 dustria
446 3483 585 3560 omissis,
615 3501 697 3566 quae
719 3482 759 3551 ab
781 3483 864 3550 illius
886 3503 921 3550 re
949 3483 1068 3550 alienae
1096 3483 1294 3566 viderentur,
1321 3484 1407 3565 aliis,
1438 3503 1519 3568 quae

300 3595 417 3677 passim
439 3595 601 3679 dIspersae
622 3599 713 3676 sunt,
742 3593 908 3679 neglectis,
938 3594 1008 3661 aliis
1036 3594 1170 3676 denique
1196 3614 1258 3663 non
1280 3597 1346 3679 jam
1376 3596 1518 3678 cognitis,

300 3722 381 3787 quae
401 3705 570 3774 novissime
592 3705 624 3772 in
645 3706 747 3773 lucem
768 3703 909 3790 prolatae
931 3708 1014 3771 sunt.
1448 3699 1451 3706 ’

385 3815 447 3884 Sed
466 3819 531 3901 Jam
555 3817 648 3885 audio
670 3822 863 3899 monentem,
888 3834 938 3883 me
960 3815 1092 3883 alteram
1114 3820 1238 3883 tantum
1261 3817 1422 3884 titulorum
1445 3817 1518 3884 arti·

300 3927 391 3996 licum
413 3929 543 3997 classem
564 3929 748 4013 respexisse,
770 3947 833 3996 non
848 3928 949 3996 solum
968 3927 1050 3996 enim
1064 3926 1292 4012 inscriptiones,
1315 3946 1397 4011 quae
1411 3930 1518 3996 etiam·

302 4119 496 4187 disputaverunt
513 4120 562 4172 Ad.
581 4120 663 4171 Stahr.
680 4119 772 4184 (horso
790 4119 803 4171 1
822 4137 847 4187 p·
859 4117 1008 4182 tao-456)
1028 4123 1053 4168 et
1069 4115 1102 4170 11.
1121 4117 1197 4168 Baain
1215 4117 1258 4183 (de
1275 4116 1301 4168 Ia
1324 4116 1450 4170 condition
1474 4117 1517 4169 dea

301 4206 400 4258 artiatea
418 4207 480 4258 dans
499 4205 640 4273 l'autiquite
658 4221 773 4272 grecqno.
805 4203 869 4256 Nice
883 4203 968 4268 1866),
987 4203 1030 4269 qni
1048 4201 1150 4270 quidem
1168 4203 1207 4254 vel
1226 4203 1307 4255 minua
1319 4203 1419 4272 placent
1430 4221 1516 4256 narra·

300 4293 417 4344 tinnoulia
435 4292 591 4360 potissimum
610 4290 713 4352 addicti,
735 4306 800 4358 quae
816 4289 912 4357 passim
930 4288 962 4340 da
980 4287 1151 4340 celeberrimia
1168 4288 1306 4341 artificibus
1323 4288 1428 4341 traditae
1446 4299 1516 4350 auctr

299 4378 335 4427 ita
351 4393 381 4429 ex
398 4375 455 4429 aliia
472 4376 583 4430 lontibus
602 4375 653 4428 alia
670 4375 809 4437 flueruntr
835 4375 868 4428 ab
886 4374 925 4427 hia
943 4374 1059 4427 omnihua
1082 4381 1164 4427 autem
1190 4391 1237 4428 nee
1259 4383 1372 4444 tempora
1395 4392 1442 4428 neo
1464 4375 1518 4428 loca

299 4461 361 4514 actis
378 4461 498 4515 distincta
514 4469 581 4516 cunt.

366 4548 449 4601 ¹Vite
467 4548 507 4601 da'
525 4549 614 4616 pictori
632 4547 724 4601 antichi
741 4546 844 4616 (Neapoli
858 4547 935 4614 1730)
953 4565 977 4616 p·
992 4548 1134 4604 lot-114.
1154 4576 1185 4586 -
1206 4547 1257 4600 Chr
1281 4548 1348 4600 Dan.
1365 4545 1474 4601 Beolrius
1490 4548 1515 4599 ia

299 4646 429 4687 comment.
449 4636 459 4686 I
477 4635 508 4686 de
525 4634 668 4687 nominihus
691 4633 813 4686 artificum
838 4633 947 4702 aliisque
968 4632 994 4685 in
1019 4633 1188 4686 monumentis
1211 4633 1270 4686 attia
1293 4633 1414 4701 antiquae
1437 4635 1515 4687 inter·

299 4721 391 4789 polatia
407 4720 484 4788 (hips.
501 4721 577 4788 1832)
594 4720 630 4772 rai
648 4719 789 4789 propositae
806 4717 902 4771 nnllam
918 4717 970 4770 iere
987 4719 1069 4771 lucem
1088 4717 1203 4772 attollere
1220 4716 1347 4787 putandae
1366 4727 1413 4772 eat.
