3330 5378
780 485 994 550 420-

276 673 449 762 anonam,
473 673 584 739 deinde
606 673 706 757 patris
729 692 840 740 nomen
860 677 915 740 eut
929 674 1050 758 patriae
1065 676 1121 740 aut
1135 672 1212 740 haec
1230 673 1292 740 duo
1308 673 1499 757 adjecerunt,

275 791 342 853 tum
365 787 482 853 aoristo
504 787 555 853 usi
577 792 651 852 sunt
673 790 729 852 aut
751 785 932 870 imperfecto
952 787 1038 854 verbi
1054 787 1161 862 ποιεῖν,
1186 786 1319 870 denique
1333 787 1500 854 verborum

276 897 385 965 ordine
407 897 563 965 differunt.
603 899 799 982 Quamquam
822 898 903 965 euim
925 898 1109 982 plerumque
1132 897 1207 965 ordo
1229 897 1280 965 bic
1303 898 1499 980 55151551-

274 1029 359 1078 mum
383 1010 485 1078 locum
507 1014 614 1077 teneat
635 1008 762 1076 artificis
785 1028 906 1088 nomen,
928 1008 1061 1076 altemm
1084 1011 1193 1094 patris,
1219 1010 1346 1078 tertium
1368 1011 1497 1094 patriae,

273 1123 417 1191 ultimum
447 1124 592 1207 verbum,
627 1129 701 1190 sunt
731 1129 836 1190 tamen
865 1125 1102 1207 inscriptioneS,
1134 1123 1307 1207 inquibus
1340 1121 1497 1188 ethnicum

273 1236 415 1303 ultimum
438 1242 570 1318 occupat
589 1236 701 1303 locum.
736 1235 906 1302 Verissime
928 1240 1034 1302 autem
1052 1237 1118 1320 jam
1135 1235 1311 1302 Boeokhius
1331 1235 1372 1301 ad
1387 1234 1421 1300 O.
1440 1234 1498 1300 I.I

209 1374 210 1377 ¹
272 1368 302 1413 5.
327 1349 366 1414 25
396 1348 477 1434 (syll.
507 1369 536 1415 n.
561 1348 615 1432 24)
642 1347 780 1431 monuit,
803 1347 1055 1432 antiquissimum
1078 1366 1148 1415 esse
1169 1366 1287 1414 morem
1308 1353 1346 1414 51
1367 1346 1497 1413 verbum

257 1459 399 1550 ’ἐποίησε
427 1462 599 1545 excipiatur
628 1460 768 1542 ethnico,
797 1459 880 1545 quod
904 1459 983 1526 Lud.
1005 1459 1196 1544 Stephanius
1227 1457 1496 1543 (Comptcrendu

273 1574 352 1638 1861
378 1593 408 1657 p.
433 1574 494 1638 148
523 1575 583 1658 sq.)
606 1575 694 1641 novis
723 1573 870 1657 exemplis
898 1574 986 1639 auxit
1014 1577 1046 1639 et
1073 1571 1260 1654 illustrauit,
1288 1571 1342 1652 qui
1369 1572 1417 1638 vir
1442 1572 1496 1638 do-

271 1686 427 1753 ctissimus
449 1686 575 1752 modom
598 1685 781 1768 migravisse
803 1685 936 1768 videtur,
959 1703 1029 1751 cum
1052 1669 1152 1768 nsque
1173 1683 1214 1750 ad
1232 1702 1280 1749 an.
1297 1683 1361 1748 350
1375 1701 1404 1748 a.
1421 1681 1494 1748 Chr.

184 1797 187 1803 '
271 1815 301 1861 n.
324 1797 411 1864 illum
434 1817 524 1864 usum
548 1797 719 1865 obtinuisse
742 1802 894 1866 censeret.
932 1797 1047 1880 Accipe
1068 1796 1119 1864 bic
1142 1813 1223 1878 quae
1242 1794 1396 1861 artificum
1412 1794 1495 1861 111511

270 1909 423 1992 praebent
445 1901 600 1994 exemplo:

751 1998 907 2087 Κρησῖλας
951 1998 1015 2063 165

749 2109 876 2198 Πύρρος
949 2110 989 2173 18

747 2220 918 2310 Δωρόθεος
947 2222 997 2287 20.

618 2329 840 2421 Ὑπατόδωρος
856 2333 1066 2422 Ἀριστογῖτων
1089 2335 1139 2398 24.

267 2445 384 2512 seriore
406 2447 511 2511 autem
535 2449 675 2528 tempore
697 2445 847 2513 11155555
869 2447 982 2513 revixit
1001 2465 1031 2512 n.
1047 2446 1107 2510 145
1120 2441 1284 2534 Ἀρχέλαος
1294 2441 1492 2509 Ἀπολλωνίου

268 2554 394 2646 ἐποίησε
417 2555 583 2644 Πριηνεύςς
607 2576 687 2641 quae
710 2558 886 2625 remotioris
908 2558 1106 2642 antiquitatis
1135 2557 1273 2640 captatio
1303 2575 1398 2640 quam
1427 2558 1492 2623 late

266 2668 416 2750 patuerit,
444 2669 504 2735 hac
527 2669 744 2750 inscriptione,
774 2687 856 2752 quae
878 2676 927 2738 est
948 2671 980 2736 in
1002 2670 1085 2737 vasis
1107 2670 1197 2735 uitrei
1220 2687 1298 2735 ansa
1323 2669 1353 2734 in
1382 2687 1491 2735 museo

266 2778 468 2859 Beraliuensi‚
492 2778 623 2846 docetur

714 2898 1025 2978 ΕΙΡΗΝΑΙΟΕ

714 3014 1025 3092 errori-icen

715 3129 1041 3240 εΙΔωΝΙΟα

265 3249 349 3331 quod
382 3267 450 3316 eam
488 3248 528 3313 ob
566 3265 691 3314 causam
728 3249 985 3330 memoravimus,
1023 3249 1098 3331 quia
1135 3249 1230 3316 etiam
1266 3251 1360 3318 alium
1398 3270 1491 3319 nsum

263 3361 436 3444 posteriore
466 3364 571 3428 aetate
600 3359 885 3444 frequentissimum
917 3361 1033 3427 sactum
1068 3379 1137 3429 esse
1169 3361 1359 3438 videbimus;
1393 3369 1491 3445 atque

142 3467 147 3478 '
263 3471 322 3540 hoc
343 3473 469 3557 quidem
492 3475 570 3540 55115
594 3475 794 3542 memorabile
816 3477 848 3542 iu
870 3477 987 3544 talibus
1013 3477 1211 3560 archaismis,
1239 3483 1276 3545 51
1302 3478 1349 3544 115
1378 3478 1490 3561 dicem,

262 3585 316 3668 qui
337 3585 415 3650 alias
438 3585 563 3666 quidem
586 3586 663 3653 satis
685 3587 748 3653 rari
770 3592 979 3669 usurpantur,
1006 3609 1069 3655 nou
1091 3609 1165 3657 vero
1192 3589 1282 3673 qnasi
1309 3608 1489 3658 communes

262 3713 338 3763 usus
360 3695 448 3766 fiunt.
473 3733 513 3746 -
536 3697 607 3766 Alia
628 3703 736 3766 autem
759 3700 900 3784 exempla
921 3701 992 3768 vide
1011 3703 1097 3786 apud
1118 3702 1324 3787 Stephanium
1344 3702 1364 3768 l.
1379 3702 1412 3786 l.‚
1434 3705 1490 3786 qui

261 3808 455 3875 Boeokhium
477 3813 603 3876 secutus
625 3817 712 3876 recte
734 3809 868 3878 fortasse
890 3813 1022 3894 censuit,
1044 3813 1128 3895 quod
1144 3813 1318 3881 Pausanias
1340 3813 1419 3882 dixit
1433 3815 1490 3897 VI,

261 3920 296 4001 9,
320 3921 354 3984 1;
377 3918 526 4010 Πτόλιχος
553 3920 698 4010 ἐποίησεν
727 3924 884 4011 Αἰγινήτης
911 3943 948 3991 ex
976 3924 1179 4008 inscriptione
1208 3923 1350 4002 fluxisse,
1379 3942 1491 4007 quam·

260 4049 354 4114 quom
370 4032 423 4115 VI,
448 4033 497 4115 10,
519 4035 538 4098 9
562 4033 709 4124 Πτόληος
732 4035 890 4123 ,λίηινητης
911 4033 1067 4124 ἐποίησεν.
1113 4035 1176 4104 Sed
1196 4037 1280 4121 quod
1297 4035 1490 4121 Stephanius

261 4144 347 4208 illam
370 4144 493 4211 dicendi
514 4145 667 4230 rationem
682 4165 702 4213 a
716 4145 891 4213 Pausaniae
906 4165 1048 4214 sermone
1064 4147 1234 4216 abhorrere
1250 4149 1349 4216 voluit
1365 4155 1489 4216 tantum

259 4254 350 4321 abest
372 4261 409 4320 51
429 4261 537 4322 verum
560 4257 1018 4339 5115515551555155555511
1041 4259 1166 4341 probari
1195 4259 1257 4344 (11,
1279 4261 1314 4343 3,
1338 4261 1368 4324 5.
1397 4261 1433 4342 9,
1456 4262 1487 4325 8.

327 4461 467 4515 1151111555
486 4479 542 4515 eum
561 4480 638 4532 opera
655 4464 687 4516 ab
705 4463 769 4532 ipsis
788 4464 897 4532 perfecta
922 4464 969 4517 diis
994 4465 1149 4528 dedicarent,
1175 4465 1231 4518 5515
1253 4467 1329 4520 verbo
1352 4467 1487 4522 dedicandi

258 4551 372 4601 5515555
390 4549 504 4601 videntur
521 4551 554 4618 (u.
569 4549 618 4606 35a
636 4550 666 4604 cs.
684 4550 712 4600 B.
728 4551 768 4616 6);
788 4569 837 4618 qua
854 4568 881 4602 rc
894 4549 1043 4603 Pausaniam
1061 4552 1082 4612 I,
1100 4553 1142 4614 24,
1161 4553 1192 4606 3:
1213 4537 1335 4622 Πρόκνην
1355 4551 1384 4604 δὲ
1403 4553 1437 4605 τὰ
1456 4553 1487 4614 ἐς

258 4633 304 4685 τὸν
323 4633 405 4685 παῖδα
421 4633 642 4704 βεβουλευμένην
661 4635 745 4705 αὐτήν
765 4653 795 4688 τε
813 4635 857 4688 rut
875 4631 920 4686 τὸν
938 4632 1007 4689 Ἴτυν
1032 4635 1163 4704 ἀνέθηκεν
1186 4635 1343 4708 Ἀλκαμένης
1364 4639 1487 4694 5511115555

257 4721 418 4775 Alcamenen
435 4721 593 4791 significasse
611 4723 720 4779 5551555.
