3338 5376
828 460 1040 528 ..12-

326 654 487 734 eleganter
509 651 707 730 addiderunt,
731 669 824 734 quam
840 649 950 716 Cicero
965 647 1132 734 descripsit
1154 649 1199 734 fin
1211 652 1298 718 Verr.
1318 658 1377 720 aet.
1391 652 1424 720 11
1439 672 1485 721 or.
1499 655 1544 721 1v

325 763 409 847 593.
431 781 491 829 scr.
514 762 634 846 n.11):
665 760 835 844 »Apollinis
858 761 980 843 signum
996 808 1101 825 .....
1125 761 1214 843 cujus
1236 761 1268 828 in
1289 761 1405 829 lemene
1428 763 1543 831 litteris

236 873 238 882 '
324 874 451 939 minutis
473 873 628 956 argenteis
651 891 762 940 nomen
777 872 915 955 Myronis
938 875 1006 938 erat
1026 872 1227 957 inscriptum«
1252 872 1337 956 quod
1353 892 1374 940 a
1388 874 1542 942 statuario

323 985 392 1068 ipso
414 983 531 1051 iactum
553 1003 622 1052 esse
643 984 709 1051 veri
731 982 980 1050 dissimillimum.

409 1094 464 1164 Sin
488 1116 563 1164 vero
590 1094 819 1164 meminerimus
847 1078 1003 1162 Romenos
1031 1099 1140 1178 poetas
1168 1095 1339 1162 sexcenties
1366 1094 1432 1162 fere
1460 1113 1545 1163 sum·

324 1225 445 1274 urorum
467 1205 621 1275 artificum
643 1225 772 1290 operum
794 1206 980 1272 mentionem
1002 1204 1128 1287 iecisse,
1156 1225 1239 1289 quoe
1260 1207 1400 1273 homines
1429 1206 1544 1288 privati

324 1318 535 1402 possiderent,
562 1337 625 1385 non
646 1317 828 1385 mirabimur
849 1316 1005 1400 permulta
1031 1316 1164 1384 artificia
1193 1337 1213 1384 u
1240 1317 1358 1385 callidis
1380 1317 1543 1385 Graeculis

323 1427 449 1496 illorum
475 1429 650 1496 nominibus
677 1429 832 1496 immerito
859 1445 928 1495 esse
955 1432 1081 1496 eructu:
1109 1428 1215 1512 itaque
1236 1429 1397 1496 Phaedrus
1424 1429 1542 1513 prolog.

324 1539 393 1607 libr.
417 1542 445 1609 V
471 1560 500 1607 v.
523 1541 606 1605 4-7
629 1540 707 1608 haec
729 1540 822 1608 dixit:

528 1657 565 1718 ut
585 1650 712 1735 quidum
733 1649 868 1719 artifices
890 1655 997 1718 nostro
1019 1648 1139 1718 iaciunt
1160 1649 1267 1718 seculo

526 1763 582 1844 qui
602 1761 737 1845 pretium
758 1761 904 1846 operibus
925 1763 1026 1847 meins
1047 1763 1217 1844 inveniunt
1238 1779 1318 1830 novo

527 1874 555 1940 si
576 1873 722 1940 marmori
744 1873 977 1956 adscripserunt
998 1872 1184 1943 Praxitelem
1206 1892 1274 1956 suo,

528 1984 645 2052 detrito
666 1985 827 2068 Myronem
850 1991 988 2068 urgento.
1343 2041 1345 2045 .
1420 2049 1421 2052 ,

328 2094 388 2162 huc
410 2095 566 2163 Zenobins
587 2115 713 2181 qnoque
734 2102 856 2181 spectat
877 2099 914 2181 V,
937 2099 1001 2164 82.
1019 2146 1071 2163 ...
1095 2103 1143 2164 rai
1164 2097 1248 2163 ἄλλοι
1273 2098 1333 2184 γὰρ
1361 2097 1467 2162 πολλοὶ
1494 2098 1543 2163 ἐπὶ

330 2208 392 2269 τῶν
415 2205 532 2270 οἰκείων
555 2204 656 2293 ἔργων
679 2206 786 2295 ἕτερον
808 2208 1051 2297 ἐπιγεγρᾶφασιν
1073 2208 1186 2296 ὄνομας
1215 2210 1303 2293 cujus
1327 2209 1374 2276 rei
1402 2209 1543 2292 exemplu

326 2317 459 2386 fortasse
474 2319 581 2386 haberi
592 2319 713 2404 possint
729 2337 825 2404 »opus
837 2320 985 2388 Phidiam
1002 2326 1035 2387 et
1052 2339 1148 2404 »opus
1160 2321 1341 2388 Praxitelis·
1356 2321 1538 2405 (188.189.)

412 2429 475 2498 Sed
495 2431 573 2499 hceo
593 2431 760 2514 hactenns,
788 2433 922 2500 nuncin
950 2433 1112 2528 titulorum
1137 2451 1229 2499 usum
1257 2437 1289 2499 et
1307 2432 1469 2500 rntionem
1495 2433 1539 2499 in·

327 2541 495 2625 quiramus.
608 2605 610 2610 s
