3330 5378
651 469 870 531 ,—5.—

167 661 317 749 ἐπίκλησιν
344 662 392 725 καί
420 659 532 746 ταύτης
548 655 693 738 Ὑγιείας,
714 667 815 738 'quam
845 658 878 720 et
898 652 1017 719 Plinius
1031 653 1182 732 XXXIV,
1212 654 1253 718 80
1281 659 1313 718 et
1341 654 1384 718 in·

166 773 294 855 scriptio
317 791 345 837 n.
364 771 404 836 18
427 770 540 853 Pyrrhi
563 765 761 834 Atheniensis
783 782 861 846 opus
883 762 979 830 luisse
1001 781 1058 830 nos
1081 747 1214 830 edocuit.
1253 764 1278 844 1,
1298 743 1384 842 24,2

166 886 260 946 κεῖται
282 882 319 946 δὲ
341 883 389 947 καί
412 879 588 968 Φρίξος...
612 875 715 947 θύσας
736 876 787 939 τὸν
809 875 903 962 κριόν,
933 875 974 940 ad
997 893 1092 957 quam
1113 880 1250 942 statuam
1273 880 1305 940 et
1325 875 1384 940 Pli-

166 995 236 1061 nius
251 993 271 1058 l.
288 994 307 1059 l.
332 997 454 1077 spectat
474 992 523 1058 his
544 991 663 1058 verbis:
682 987 866 1070 »Naucydes
880 1036 887 1050 .
901 1036 908 1051 .
924 1035 953 1052 ..
977 987 1157 1054 immolante
1172 989 1302 1054 arietem
1317 1005 1384 1053 oen-

166 1109 271 1170 seturr
296 1108 329 1170 et
349 1103 509 1186 inscriptio
531 1102 646 1168 11211.
686 1098 850 1165 Menandri
871 1103 1018 1174 statuam,
1041 1116 1123 1180 quae
1145 1097 1266 1164 eratin
1290 1097 1384 1163 Athe-

168 1215 321 1280 niensium
343 1214 480 1295 theatro,
503 1212 676 1278 Pausanias
697 1211 723 1286 1,
747 1211 799 1287 21,
823 1213 839 1274 1
865 1209 1064 1285 memoravit,
1087 1209 1156 1291 quis
1178 1207 1300 1287 iecerit,
1322 1227 1384 1274 non

165 1324 312 1406 tradidit,
341 1342 529 1409 quamquam
551 1324 701 1406 scriptum
723 1321 818 1388 fuisse
841 1322 872 1387 in
901 1321 969 1387 basi
991 1318 1207 1407 Κηφισόδοτος
1236 1319 1386 1410 Τίμαρχος

165 1433 302 1524 ἐπόησαν
324 1455 361 1502 ex
383 1456 414 1503 n.
427 1435 467 1500 35
490 1434 714 1518 cognoscimus.
748 1432 868 1511 Quibus
883 1432 1020 1516 adjicias,
1044 1436 1080 1498 ut
1095 1429 1245 1498 Cresilam
1261 1432 1385 1498 omitta-

163 1548 262 1625 musi,
286 1547 312 1627 I,
327 1547 377 1626 23,
395 1549 414 1611 9
434 1542 623 1634 Ἐπιχαρίνου
652 1545 705 1632 την
727 1542 827 1608 εἰκόνα
848 1542 974 1630 ἐποίησε
991 1541 1113 1628 Κριτίας
1134 1540 1272 1627 (Κριτίας
1286 1542 1384 1624 mss),

164 1658 219 1724 sed
247 1657 364 1724 Oritius
392 1663 425 1724 et
451 1657 596 1724 Nasiotas
625 1655 768 1722 lecerunt
797 1655 839 1740 (n.
865 1655 928 1739 10).
958 1691 1001 1702 --
1031 1654 1150 1734 Quodsi
1178 1651 1318 1734 exempla
1346 1673 1384 1720 ex

163 1769 263 1852 primo
285 1773 408 1836 tantum
430 1770 509 1835 libro
531 1786 675 1850 promere
696 1768 795 1848 licuit,
817 1768 856 1834 de
871 1767 1108 1846 Atheniensium
1124 1763 1264 1832 artificiis
1281 1771 1313 1831 et
1327 1785 1384 1848 per

163 1880 240 1947 alios
262 1881 429 1962 scriptores
451 1887 485 1946 et
506 1879 759 1963 inscriptionibus
781 1880 914 1963 repertis
936 1878 1054 1961 optime
1075 1877 1180 1945 edocti
1200 1895 1322 1944 sumus:
1346 1896 1384 1942 ex

161 1992 324 2074 perpaucis
347 1992 408 2058 illis
430 1990 604 2059 artificibus
621 1990 720 2076 (llll),
743 1991 800 2072 qui
821 1989 913 2057 simul
935 1991 967 2056 in
987 1989 1145 2056 Pausania
1167 1995 1200 2056 et
1220 1990 1253 2056 in
1274 1990 1384 2072 lapidi-

161 2103 220 2170 bus
241 2104 398 2186 legnntur,
421 2109 490 2170 octo
512 2104 544 2169 in
566 2103 666 2169 titulis
684 2103 815 2169 Athenis
837 2103 970 2186 repertis
985 2101 1147 2185 apparent.
1188 2077 1382 2184 Quamquam

160 2233 275 2298 negare
296 2232 359 2282 non
379 2195 545 2299 possumus
561 2214 749 2282 Pausaniam
773 2215 900 2284 ineunte
922 2232 1016 2296 opere
1035 2231 1142 2279 rerum
1157 2214 1246 2295 copia
1260 2220 1382 2297 pertur-

159 2327 267 2394 batum
290 2326 388 2394 multa
411 2329 512 2394 minus
535 2333 608 2410 apto
631 2346 794 2395 enarrasse
817 2333 850 2393 et
869 2327 1059 2409 disposuisse
1075 2344 1169 2408 quam
1184 2327 1215 2392 in
1231 2327 1319 2393 libris
1334 2346 1381 2394 se·

159 2439 354 2522 questibus³.
391 2437 449 2504 Illa
470 2444 576 2506 autem
598 2458 680 2522 quae
702 2439 793 2506 modo
816 2438 1133 2532 attulimus'intelbgi
1156 2457 1217 2505 non
1239 2443 1381 2522 possunt

158 2551 219 2616 nisi
232 2551 419 2619 Pausaniam
438 2552 470 2618 in
490 2550 629 2618 artificiis
645 2551 795 2636 eligendis
816 2555 848 2618 et
862 2551 894 2616 in
910 2570 1039 2634 operum
1055 2551 1237 2617 auctoribus
1252 2549 1381 2616 afferen-

159 2662 207 2728 dis
228 2667 329 2730 totum
351 2682 386 2730 se
409 2663 551 2731 dedisse⁴
573 2664 611 2730 iis
635 2663 834 2747 putabimus,
863 2665 917 2748 qni
945 2662 1071 2746 singula
1099 2663 1128 2728 ei
1156 2663 1381 2738 monstrabant,

159 2775 305 2857 exegetis.
350 2773 457 2860 Capua
470 2776 516 2842 rei
537 2776 715 2843 testimonia
737 2775 831 2842 etiam
852 2774 930 2842 haec
951 2782 1040 2842 sunt:
1069 2775 1236 2841 Praxitelis
1262 2776 1377 2842 mentio

158 2903 229 2954 cum
251 2887 324 2954 libb.
348 2887 380 2968 Ι,
402 2887 449 2969 ΙΙ,
473 2888 511 2970 V,
533 2886 580 2952 Vl
604 2889 671 2970 jam
696 2886 784 2955 lacta
809 2892 906 2968 esset,
937 2887 1061 2954 demum
1085 2888 1180 2969 Viil,
1207 2888 1243 2965 9,
1268 2889 1283 2950 l
1314 2887 1382 2970 ejus

157 3003 244 3065 aetas
277 2999 323 3065 ita
354 2998 502 3066 refertur:
532 2997 725 3088 Πραξιτέλης
756 2998 792 3063 δὲ
826 2999 863 3063 τὰ
897 2998 1059 3083 ἀγάλματα
1094 2999 1260 3086 εἰργάσατο
1295 2997 1380 3086 τρίτη

153 3105 235 3194 μετὰ
255 3105 436 3200 Ἀλκαμένην
460 3108 591 3197 ὕστερον
614 3118 724 3199 γενεᾷ,
752 3110 837 3191 quod
860 3117 1008 3193 exegetae
1030 3129 1107 3177 sane
1135 3111 1205 3178 ideo
1234 3130 1382 3178 enarrare

156 3220 307 3303 solebant,
329 3222 403 3303 qma
426 3221 535 3288 eodem
558 3223 626 3289 loco
649 3226 681 3288 et
696 3222 872 3289 Alcamenis
887 3221 1095 3302 Aesculapius
1118 3221 1279 3289 dedicatus
1301 3229 1380 3289 erat.

157 3331 308 3400 Similiter
326 3332 480 3416 judicium
503 3333 543 3398 de
557 3333 743 3424 Alcamenis
755 3338 833 3414 arte,
855 3337 1025 3417 quonjam
1040 3334 1067 3414 Ι,
1085 3334 1114 3413 1,
1130 3335 1159 3399 b.
1184 3334 1214 3415 8,
1230 3334 1259 3397 4.
1285 3334 1335 3415 19,
1350 3335 1379 3397 2.

156 3443 207 3521 20,
222 3444 252 3509 3.
276 3443 318 3520 ΙΙ,
333 3443 384 3525 30,
401 3445 420 3508 2
442 3445 623 3514 Pausanias
645 3449 882 3525 memoraverat,
906 3444 1029 3511 demum
1041 3445 1080 3526 V,
1097 3445 1147 3521 10,
1165 3446 1180 3506 1
1204 3445 1302 3511 latum
1318 3450 1379 3510 est:

151 3551 351 3642 Ἀλκαμένους
380 3557 496 3645 ἀνδρὸς
524 3557 639 3648 ηλικίαν
668 3581 702 3644 τε
730 3557 809 3623 κατὰ
838 3555 961 3622 Φειδίαν
991 3557 1039 3620 καί
1065 3555 1228 3642 δευτερεῖα
1259 3555 1380 3638 ἐνεγκα-

151 3667 248 3754 μένου
271 3669 451 3756 sopierat<
472 3671 591 3760 ποίησιν
613 3671 813 3757 ἀγαλμάτιοντ
849 3690 960 3752 nempe
984 3669 1209 3753 comparabant
1231 3673 1379 3752 exegetae

154 3781 286 3848 duorum
308 3782 432 3849 illorum
454 3781 609 3852 artificum
631 3789 772 3866 tempora
795 3788 827 3850 et
848 3783 998 3864 virtutes,
1031 3781 1207 3850 cumidem
1229 3781 1378 3864 templum

211 4007 222 4046 ¹
236 4022 287 4075 qus
303 4023 330 4059 se
347 4005 479 4075 Briegsrus
495 4006 513 4060 l.
530 4006 548 4060 1.
565 4023 590 4075 p.
602 4008 636 4064 56
653 4006 765 4060 Plinium
784 4006 850 4058 illud
867 4023 898 4058 ex
916 4005 1038 4074 catalogis
1055 4004 1179 4058 Romsnis
1196 4003 1312 4057 hsnsisso
1329 4006 1376 4058 im-

152 4093 240 4148 merito
258 4093 399 4162 suspicatus
417 4103 462 4146 ost
497 4091 575 4154 Quod
591 4093 713 4162 gravioris
732 4099 771 4145 cst
788 4091 908 4145 momenti
914 4111 922 4153 ;
941 4109 991 4144 non
1005 4091 1091 4144 omnis
1105 4091 1170 4144 anim
1183 4090 1295 4154 artificis,
1314 4110 1378 4158 quse

154 4179 282 4246 ,ΙιυδιτίΙ
295 4180 335 4232 rel
349 4179 474 4244 ,aaron
482 4163 585 4231 'Plinius
597 4179 682 4241 tradit,
700 4196 731 4232 ox
741 4179 869 4246 catalogis,
892 4179 914 4231 si
925 4178 1026 4245 quidem
1037 4178 1147 4240 fueram,
1166 4177 1243 4244 petits
1254 4177 1375 4228 sidentur.

209 4266 339 4320 ¹tortssse
356 4265 424 4318 onim
441 4267 496 4334 ejus
514 4265 646 4334 inscriptio
667 4268 699 4321 ls
716 4282 766 4318 non
785 4265 817 4318 sd
834 4265 973 4334 Diitrephis
991 4271 1098 4318 statuam
1116 4264 1236 4332 (Pansam.
1252 4263 1273 4326 1,
1290 4263 1332 4326 23,
1349 4265 1376 4329 3)

151 4355 266 4423 pertinet.

208 4440 263 4493 ΒΕ.
283 4439 399 4495 Curtius:
419 4439 619 4508 Peloponnesus.
646 4441 701 4507 lp.
714 4440 763 4496 142
782 4447 832 4492 not.
847 4440 887 4494 10.
916 4467 948 4479 -
973 4438 1031 4492 chr.
1049 4437 1175 4491 Sebubsrt
1196 4436 1222 4488 in
1246 4451 1374 4490 commen-

151 4527 244 4581 tsu'one
262 4527 294 4580 do
311 4526 448 4588 Psussnis,
467 4542 533 4594 quse
545 4525 688 4578 Psussniaa
705 4526 732 4578 in
745 4526 827 4578 Germ.
846 4525 959 4594 lingnam
976 4524 1100 4578 trsnslsto
1118 4525 1237 4592 adjuncta
1249 4530 1295 4586 est,
1313 4525 1373 4592 pii.

206 4614 263 4668 tat.
282 4614 312 4667 Ε.
331 4613 444 4666 Gordus:
465 4615 513 4667 vll
531 4613 625 4665 hstes
642 4629 686 4665 sur
704 4611 812 4681 'l'opogc
838 4629 861 4664 s.
878 4611 971 4665 Athen.
1003 4629 1027 4679 p.
1044 4609 1078 4668 48
1102 4628 1140 4677 sq.
1164 4637 1197 4650 -·
1220 4609 1249 4661 0.
1267 4608 1373 4662 Wscbs·

151 4701 229 4755 nun.
247 4717 312 4754 ma.
329 4700 368 4756 ra.
389 4702 454 4759 isco
472 4699 557 4754 xxiv
574 4716 600 4767 p.
612 4698 654 4754 os.
848 4686 850 4692 '
