3330 5378
606 466 866 538 ‘-55-

158 659 228 725 τότε
250 661 413 750 ἀρχαῖον
434 661 488 737 ita,
511 664 547 727 ut
568 660 667 728 solum
683 659 749 726 iere
764 662 893 742 antiqua
908 665 1110 728 monumenta
1123 661 1255 744 pulchre
1268 661 1377 729 habita

159 791 229 840 esse
252 773 433 855 videantur,
460 773 493 838 in
515 790 638 839 omnem
662 771 853 838 Graecorum
882 771 1035 840 artificum
1066 773 1253 840 mentionem
1283 763 1375 839 cadit

160 883 273 968 Itaque
293 891 434 952 veterum
456 883 534 950 artis
556 883 687 950 historia
708 902 778 950 sero
801 884 926 950 tandem
949 885 1101 958 exstitit13
1124 889 1157 951 et
1171 887 1208 949 ut
1222 883 1376 950 Doridem

155 996 312 1062 hominem
338 997 431 1062 nimis
458 995 619 1064 credulum
649 995 866 1075 omittamus²,
900 997 1019 1079 primus
1046 997 1259 1063 Xenocrates⁸
1288 1016 1377 1064 accu-

156 1109 257 1175 ratius
279 1109 311 1174 in
334 1107 489 1174 artificum
512 1107 675 1174 historiam
698 1107 896 1191 inquisivisse
917 1107 1057 1182 videtum
1081 1107 1136 1172 sed
1159 1125 1199 1173 ne
1213 1107 1295 1173 hunc
1311 1107 1377 1190 qui-

156 1221 226 1286 dem
253 1238 304 1287 res
331 1238 432 1302 usque
460 1219 500 1284 ad
530 1236 588 1285 sua
614 1224 757 1301 tempora
784 1219 950 1286 deduxisse
979 1236 1016 1285 eo
1045 1217 1194 1298 efficitur,
1220 1218 1321 1299 quod,
1350 1219 1377 1284 si

155 1330 256 1398 Plinio
278 1330 433 1398 credimus
456 1329 612 1413 (XXXIV,
642 1330 713 1415 83),
741 1336 847 1398 utrum
869 1331 1030 1398 Tisicratis
1052 1329 1223 1413 discipulus
1251 1350 1291 1397 an
1312 1333 1377 1398 En-

156 1442 307 1527 thyoratis
329 1442 459 1524 fuisset,
488 1443 616 1509 dubium
639 1449 723 1510 erat:
750 1443 800 1510 hic
822 1449 927 1511 autem
950 1442 1078 1527 Lysippi
1105 1440 1188 1509 filius
1215 1448 1298 1524 erat,
1325 1443 1378 1510 ille

157 1555 352 1639 (Tisicrates)
373 1554 467 1638 hujus
489 1552 545 1620 filii
569 1553 754 1638 discipulum
776 1555 822 1622 ita
842 1557 870 1622 si
885 1557 1077 1623 Xenocrates
1099 1553 1260 1636 aequalem
1275 1561 1378 1623 artem

156 1655 480 1746 illustrasset,ntrum
502 1667 687 1750 magistrum
710 1667 886 1748 habuisset,
909 1667 1064 1735 incertum
1086 1684 1155 1734 esse
1177 1685 1240 1734 non
1263 1669 1376 1751 potuit.

156 1776 206 1843 llli
227 1777 325 1862 igitur
346 1778 401 1861 qui
424 1777 463 1843 de
484 1777 657 1845 artificibus
680 1779 882 1862 scripserunt,
905 1778 988 1846 unde
1010 1784 1191 1846 sumserunt
1212 1780 1292 1845 sua?

240 1889 513 1956 Monumentomm
534 1890 730 1973 publicorum
752 1891 878 1972 quidem
900 1896 1045 1958 auctores
1065 1892 1098 1957 in
1115 1889 1274 1972 columnis,
1297 1908 1376 1974 quas

155 2001 331 2084 sumptibus
353 2000 445 2067 iactis
474 2001 640 2085 inscriptas
668 2007 701 2068 et
728 2002 851 2085 publice
879 2003 999 2087 positas
1027 2021 1096 2070 esse
1124 2007 1265 2082 constat,
1296 2002 1379 2084 lege·

154 2113 286 2194 bantur,
314 2114 404 2195 cujns
429 2113 476 2180 rei
500 2115 625 2198 egregia
647 2115 825 2180 testimonie
846 2115 983 2180 rationes
1006 2114 1076 2181 illae
1101 2113 1219 2180 relatae
1248 2112 1329 2196 (syll.
1352 2112 1379 2178 B

154 2227 216 2290 n.l
235 2223 305 2308 sp),
328 2225 453 2308 quibus,
478 2227 533 2309 qui
549 2217 759 2292 Erechtheum
782 2230 989 2292 extruxerunt
1010 2230 1042 2291 et
1057 2229 1256 2300 ornaverunt,
1279 2229 1378 2290 aeter-

155 2355 215 2404 nae
237 2338 406 2404 memoriae
427 2337 542 2420 proditi
559 2343 648 2416 sunt;
672 2338 734 2403 hnc
748 2355 873 2420 quoque
887 2336 1020 2402 tortasse
1035 2335 1145 2403 referri
1159 2339 1272 2420 potest,
1294 2336 1378 2420 quod

155 2450 237 2516 Dion
260 2448 501 2532 chrysostomus
531 2449 610 2515 dixit
638 2450 696 2533 (or.
712 2449 818 2515 XXXI
839 2468 869 2532 p.
886 2449 947 2513 377
971 2449 1112 2533 Emper.)
1142 2446 1278 2536 δημοσίᾳ
1307 2447 1380 2517 τοὺς

159 2561 347 2648 ἀνδριάντας
380 2558 612 2646 ἀπεγράψασθε
645 2560 733 2646 ὑμεῖς
739 2583 751 2643 ,·
789 2565 821 2627 et
854 2580 892 2628 ex
924 2559 985 2648 illis
1017 2559 1190 2626 rationibus
1223 2557 1378 2626 artificum

155 2673 281 2740 nomina
317 2675 495 2757 posteriore
532 2678 672 2755 tempore
708 2673 823 2738 hausta
858 2691 927 2739 esse
957 2671 1118 2737 Plutarchi
1149 2671 1292 2737 Periclis
1321 2671 1375 2736 vit

155 2803 224 2866 cap.
245 2785 324 2851 XIII
353 2785 531 2851 ostenditur
560 2781 684 2855 Φειδίας
712 2785 874 2870 εἰργάξετο
900 2784 958 2869 μὲν
987 2786 1044 2870 τῆς
1071 2781 1148 2847 θεοῦ
1177 2788 1212 2846 τὸ
1236 2783 1377 2871 χρυσοῦν

156 2895 230 2967 ἕδος
251 2897 299 2962 καλ
322 2895 431 2960 τούτου
456 2895 647 2985 ὃημιοορηὸς
668 2893 702 2959 ἐν
724 2903 763 2983 τῇ
786 2896 884 2984 στήλη
908 2894 984 2960 εἶναι
1005 2893 1210 2980 perpaucae&
1238 2894 1294 2961 sed
1319 2893 1378 2962 hoc

227 3147 345 3216 1Eggcr.
362 3163 413 3200 rev.
431 3147 499 3201 arch.
518 3152 578 3200 tom.
593 3144 630 3199 111
647 3144 736 3213 (1846)
753 3161 779 3212 p.
791 3147 841 3200 441
860 3145 887 3196 in
904 3144 1114 3198 commentatione
1133 3160 1200 3213 qnae
1216 3151 1256 3198 eet
1277 3144 1308 3196 de
1326 3143 1377 3196 Po-

154 3235 254 3287 leanona
274 3236 412 3302 periegeta.

229 3318 366 3388 ²Brieger.
383 3320 414 3372 de
432 3321 536 3376 lontibb.
555 3327 605 3373 nat
623 3319 683 3374 hiat.
696 3320 763 3372 Plio.
781 3322 853 3373 lihbr.
865 3319 1122 3378 XXXIII-,XXXVI
1139 3336 1165 3387 p.
1176 3319 1219 3380 30,
1238 3320 1286 3378 61;
1304 3317 1378 3370 illum

154 3405 276 3462 Doridem
289 3405 402 3458 Samium
421 3423 488 3468 ease,
508 3407 578 3475 quod
595 3407 698 3474 negarit
709 3407 815 3459 Vossius
833 3409 869 3476 (p.
884 3411 933 3463 194
951 3407 991 3458 ed.
1002 3405 1158 3470 Westernn.),
1175 3420 1261 3456 omnes
1275 3405 1321 3455 viri
1334 3405 1377 3458 oo.

154 3508 224 3545 nune
241 3494 383 3545 consentire
401 3492 536 3544 ridentur:
554 3491 667 3560 Brieger.
686 3491 703 3545 l.
724 3493 741 3543 l.
765 3492 792 3544 C.
811 3493 911 3548 Mulier.
928 3493 1026 3560 frgmm.
1046 3493 1104 3546 hiat.
1122 3492 1197 3566 gall
1215 3510 1239 3558 p.
1252 3492 1303 3547 466
1321 3508 1376 3558 eqq.

157 3579 381 3648 KnightWateon.
401 3581 432 3632 de
450 3578 553 3631 veterib.
572 3580 738 3646 eeriptorihus
757 3581 801 3648 qui
818 3580 850 3632 de
867 3587 920 3632 arte
931 3589 957 3633 et
968 3580 1107 3632 artificibus
1120 3577 1279 3646 seripserunt,
1298 3579 1377 3629 Jour-

155 3667 201 3719 nal
220 3667 251 3718 ol
263 3665 379 3720 claaaical
402 3666 451 3718 aad
474 3657 564 3718 sacred
588 3667 737 3736 philology,
761 3666 917 3734 Cambridge
930 3667 1003 3722 1654
1020 3666 1033 3717 l
1051 3684 1076 3735 p.
1088 3667 1145 3721 364.
1170 3665 1214 3732 qui
1231 3660 1378 3731 Briegerum

154 3754 247 3822 effuge
432 3771 435 3776 ·

223 3839 361 3909 ³Brieger.
378 3841 397 3896 l.
415 3839 433 3892 l.
451 3859 477 3909 p.
492 3841 532 3894 17.
783 3901 784 3906 Ἰ

227 3928 322 3996 ⁴qnod
339 3928 372 3979 de
389 3926 530 3980 rationibus
552 3932 693 3978 curatorum
715 3939 819 3993 operum
843 3925 937 3976 dietum
961 3941 1018 3977 eaeo
1042 3923 1128 3978 Odolr.
1145 3922 1248 3975 Mhller.
1271 3922 1378 3974 credidit

155 4015 201 4082 <dc
212 4015 322 4067 Phidiae
339 4013 389 4066 vita
406 4020 431 4066 et
449 4013 568 4080 operibus
586 4031 611 4081 p.
623 4014 655 4067 29
668 4018 720 4064 net
732 4013 766 4077 a),
785 4028 860 4079 quern
873 4011 1034 4080 impugnavit
1044 4011 1076 4064 R.
1088 4011 1226 4062 Bochettne
1239 4007 1378 4076 (questione

158 4101 190 4153 de
209 4099 286 4154 l'hiat
304 4099 336 4152 dc
353 4098 411 4152 l'art
428 4117 452 4167 p.
466 4100 500 4154 28
518 4106 570 4150 not.
582 4099 618 4163 3.)
643 4097 687 4165 qui
710 4097 732 4148 ai
750 4097 901 4150 Plutarchua
924 4097 989 4149 illud
1009 4097 1147 4158 voluisset,
1162 4095 1195 4146 'ei
1218 4093 1377 4147 scribendum

155 4187 235 4240 luisse
253 4184 283 4246 ἐς
301 4183 404 4255 στήλην
423 4185 464 4237 rel
482 4182 510 4235 ἐν
530 4182 616 4254 στήλη
636 4202 669 4237 ex
687 4184 843 4236 decretorum
860 4201 909 4236 nau
928 4185 1041 4245 censuit;
1061 4183 1130 4251 quod
1147 4182 1207 4234 satia
1227 4182 1377 4234 absurdum:

155 4291 214 4326 nam
232 4271 361 4334 articulus.
382 4288 434 4340 qno
450 4271 516 4322 bene
533 4286 596 4322 usos
614 4278 654 4323 eat
672 4270 819 4322 Plutarchus
838 4287 915 4338 agene
934 4271 965 4321 de
983 4278 1050 4322 certe
1067 4269 1187 4322 columna
1200 4267 1299 4335 jamdiu
1317 4285 1377 4336 per·

156 4361 240 4430 lecta,
263 4360 291 4410 in
309 4357 415 4410 dometis
432 4364 503 4408 recle
520 4358 659 4419 omittitur,
684 4355 817 4407 columnae
840 4356 907 4408 enim
930 4373 981 4408 non
1000 4358 1057 4424 jam
1081 4364 1146 4408 sunt.
1188 4353 1288 4406 Deinde
1311 4353 1378 4420 quod

154 4445 292 4498 Roehattne
310 4444 337 4510 (l.
358 4443 387 4508 l.)
405 4439 506 4512 στήλην
524 4441 568 4494 hic
587 4442 683 4510 aceepit
699 4459 745 4510 pro
762 4439 874 4511 βάθρῳ,
895 4443 996 4509 probari
1015 4460 1065 4494 non
1084 4450 1182 4511 petest:
1201 4437 1301 4510 στήλην
1320 4439 1377 4508 qni-

156 4531 213 4584 dem
232 4530 285 4582 dici
304 4528 337 4581 de
354 4529 419 4593 haai,
439 4532 466 4580 in
485 4545 535 4596 qna
555 4544 619 4595 opus
637 4527 741 4593 aliquod
758 4527 872 4595 ponitur,
891 4537 917 4580 et
933 4528 1076 4580 Pausaniae
1087 4529 1108 4590 Ι,
1127 4531 1158 4584 16
1175 4525 1334 4596 paragrapho
1353 4527 1378 4587 6,

155 4635 231 4688 quam
247 4617 278 4669 R
296 4615 423 4678 laudavit,
442 4623 468 4669 ct
485 4616 530 4680 111,
551 4616 592 4676 18,
611 4617 627 4670 7
646 4611 728 4682 (ἀνὴρ
746 4611 899 4672 πένταθλός
917 4612 990 4665 ἐστιν
1010 4612 1052 4666 ἐπὶ
1071 4611 1182 4684 στήλης)
1199 4621 1225 4665 oe
1240 4614 1281 4674 X,
1299 4613 1340 4678 24.
1360 4614 1376 4667 2

154 4695 283 4760 (dedomo
299 4697 332 4753 ἂν
351 4699 395 4753 aul
412 4699 502 4753 ελτόνα
515 4698 630 4771 Ὁμήρου
646 4698 748 4772 χαλκῆν
767 4695 811 4752 dart
828 4698 927 4774 στήλη)
946 4703 1008 4756 eatis
1026 4701 1153 4765 firmatum
1173 4701 1218 4755 aed
1236 4698 1377 4769 promiscue
