3330 5378
809 481 1022 547 ..55-

391 668 613 735 Verumtamen
634 669 700 735 5155
721 669 806 751 quod
828 667 937 737 Cicero
958 672 1114 752 narrarit,
1143 688 1252 736 rerum
1275 669 1437 736 existimas
1465 669 1530 735 5155

305 799 344 847 er
364 779 552 862 imaginihus
573 778 690 862 fictum,
712 781 930 863 inscriptiones
949 800 1046 865 penes
1068 779 1203 849 artifices
1217 779 1316 848 tuisse
1328 799 1367 847 ex
1380 799 1419 846 55
1434 779 1530 846 mani-

303 890 419 958 festum
441 897 506 957 est:
537 891 615 958 dicit
636 893 719 958 enim
742 891 870 959 insolita
891 893 1012 960 ratione
1033 894 1176 960 Phidiam
1203 911 1296 960 usum
1325 911 1395 959 esee
1421 897 1531 958 contra

303 1002 460 1069 insolitam
482 1003 592 1085 legem.
639 1003 721 1082 Quid
749 1004 834 1084 quod
856 1004 1014 1071 Lucienus
1037 1005 1164 1090 (imagg.
1188 1005 1221 1088 4)
1243 1005 1386 1071 Phidiam
1415 1020 1530 1071 nomen

303 1115 450 1183 Lemniae
471 1115 642 1182 inscribere
664 1115 873 1199 dignatum
905 1135 975 1184 esse
1002 1115 1162 1206 (1615555)
1191 1115 1345 1183 tradidit?
1374 1115 1455 1182 adeo
1483 1116 1531 1181 in·

305 1227 432 1311 scriptio
463 1245 500 1293 er
530 1225 658 1294 artificis
689 1228 820 1296 arbitrio
848 1228 1020 1312 pendebat;
1053 1247 1116 1294 non
1145 1248 1219 1296 vero
1249 1228 1386 1294 dubitari
1415 1232 1530 1310 potest,

303 1339 377 1423 quin
401 1337 457 1420 illa¹
477 1343 583 1405 statua
610 1339 791 1407 aLemniis
818 1338 940 1424 publice
968 1340 1112 1408 dedicata
1139 1341 1181 1407 sit
1209 1341 1315 1424 (Paua.
1338 1340 1370 1417 1,
1397 1341 1456 1421 28,
1485 1339 1528 1423 2).

306 1449 369 1517 Sed
391 1449 565 1532 5555115,
588 1450 694 1533 accipe
715 1452 799 1518 hunc
820 1450 983 1520 titulorum
1003 1452 1155 1532 indicem,
1178 1451 1233 1536 qui
1255 1451 1297 1517 ad
1319 1451 1445 1535 publica
1465 1471 1530 1519 mo·

303 1563 632 1646 numentd'pertinent
654 1560 810 1630 artificum
833 1563 1010 1631 nominibus
1032 1567 1151 1632 ornati:

362 1672 411 1738 18.
435 1673 485 1738 23.
508 1673 559 1738 34.
583 1674 633 1741 35.
656 1675 707 1739 40.
731 1677 782 1741 54.
806 1675 884 1753 701,
899 1695 926 1743 5.
950 1677 1000 1739 71.
1024 1677 1103 1743 725.
1127 1677 1177 1742 76.
1201 1677 1251 1742 84.
1275 1669 1422 1759 85116,
1437 1695 1466 1742 5.

664 1788 737 1854 118.
762 1789 832 1871 119,
847 1807 876 1855 5.
901 1788 971 1853 151.
997 1789 1068 1854 152.
1093 1789 1163 1854 158.
1416 1856 1418 1860 ,

388 1900 460 1967 Uno
486 1902 581 1968 verho
610 1901 777 1983 attingam,
803 1900 889 1982 quod
915 1900 1105 1968 Letronnins
1134 1901 1209 1986 (1.1.
1233 1902 1356 1986 5169)
1387 1902 1531 1985 conjecit,

303 2011 391 2078 haud
418 2029 536 2095 paucas
565 2010 719 2079 artificum
752 2011 971 2095 inscriptiones
1001 2014 1175 2096 posteriore
1208 2019 1349 2097 tempore
1381 2014 1532 2095 operibns

304 2123 443 2206 adjectas
465 2139 552 2207 esse,
579 2125 696 2208 quippe
717 2142 798 2208 quae
819 2125 948 2192 summis
970 2124 1117 2193 laudibus
1139 2123 1277 2192 artifices
1302 2124 1465 2206 efferrent,
1493 2129 1533 2191 51

305 2234 427 2302 Onatae
449 2235 556 2321 (Pauo.
573 2236 609 2318 V,
634 2236 684 2316 25,
709 2236 779 2319 10);

479 2347 578 2412 πολλὰ
597 2347 655 2432 μὲν
678 2347 754 2412 ἄλλα
777 2351 878 2435 σοφοῦ
901 2349 1057 2437 ποιήματα
1078 2349 1126 2412 καί
1149 2346 1205 2412 τόδ
1212 2350 1220 2379 ’
1243 2347 1350 2412 ’θνάτα

573 2457 676 2546 ἔργον,
700 2459 737 2524 ὃν
759 2460 861 2548 Αἰγίνῃ
884 2458 1005 2542 γείνατο
1029 2460 1124 2524 παῖδα
1146 2459 1257 2524 Μίκων.

306 2573 352 2639 Ac
372 2570 508 2654 primum
528 2571 654 2656 quidem
674 2571 776 2638 solum
795 2571 937 2654 poeticae
951 2569 1169 2654 inscriptiones
1184 2570 1365 2638 disertiores
1380 2576 1466 2653 sunt,
1490 2571 1534 2639 de

306 2683 421 2768 quibus
442 2703 471 2750 5.
493 2685 582 2768 p.16
605 2701 684 2767 555,
706 2683 818 2750 deinde
840 2681 995 2749 artificum
1017 2682 1143 2750 laudem
1165 2687 1197 2748 et
1211 2682 1384 2750 emtoribus
1399 2701 1534 2766 operum

305 2811 425 2862 summo
447 2795 558 2863 honori
579 2793 677 2862 151555
698 2813 755 2879 per
776 2813 811 2861 ee
832 2800 921 2877 patet
943 2795 985 2879 (5.
1008 2813 1039 2878 5.
1056 2795 1096 2859 57
1120 2799 1153 2860 51
1176 2795 1214 2857 17
1238 2793 1315 2878 sq.):
1337 2792 1450 2861 horum
1473 2796 1533 2880 igi-

305 2912 360 2974 tur
381 2907 541 2988 intererat,
563 2911 600 2973 51
621 2895 758 2988 artifices
779 2922 904 2988 qnoque
925 2906 1176 2986 celebratarum
1198 2925 1280 2990 quae
1302 2924 1374 2973 cum
1394 2907 1439 2973 115
1454 2908 1533 2989 sint,

306 3037 363 3086 our
383 3018 501 3102 posteri
522 3016 599 3086 talia
620 3017 845 3102 epigrammata
869 3017 1015 3102 operibus
1043 3016 1301 3100 subscripserint,
1329 3036 1392 3085 non
1420 3018 1534 3098 rideo;

305 3147 495 3215 quamquam
516 3130 609 3196 aliter
630 3147 682 3196 res
703 3147 738 3196 se
759 3129 911 3208 babebat,
939 3148 1010 3197 eum
1032 3129 1150 3196 seriore
1171 3133 1312 3213 tempore
1334 3147 1534 3200 summorum

305 3241 459 3310 artificum
481 3260 578 3326 opera
598 3242 701 3308 denuo
723 3241 945 3309 dedicarentur
966 3261 995 3308 5.
1017 3260 1047 3325 p.
1066 3243 1105 3306 19
1127 3245 1161 3309 51
1181 3260 1241 3308 scr.
1258 3243 1309 3306 22.

390 3357 538 3423 Attamen
560 3373 736 3438 perpaucae
757 3359 880 3422 tantum
902 3359 1027 3422 statuae
1050 3372 1088 3420 ex
1110 3357 1158 3421 tot
1180 3353 1315 3435 milibus,
1338 3369 1420 3436 quaa
1441 3371 1535 3421 man-

305 3473 432 3549 serunt,
461 3472 624 3534 auctorum
646 3467 824 3534 nominibus
845 3467 983 3551 insignes
1004 3472 1094 3550 sunt,
1121 3483 1311 3550 quamquam
1333 3464 1432 3532 multo
1460 3467 1535 3549 515-

305 3580 403 3646 rimae
423 3578 600 3662 poeteriore
623 3583 763 3662 tempore
784 3577 887 3646 155155
910 3583 993 3659 eunt
1015 3595 1078 3660 quo
1099 3597 1167 3646 mos
1189 3576 1257 3659 1511,
1279 3582 1317 3644 51
1338 3575 1476 3644 artifices
1498 3579 1534 3646 in

304 3689 435 3776 plinthis
460 3688 564 3757 55115
591 3690 705 3756 statuis
733 3690 810 3774 ipsis
837 3690 1084 3758 inscriberentur
1112 3691 1153 3775 (5.
1176 3708 1207 3773 5.
1224 3688 1289 3773 62).
1333 3687 1396 3756 Sed
1425 3708 1534 3774 neque

307 3802 445 3871 Graecos
468 3819 570 3884 neque
591 3801 748 3870 Romanos
770 3821 808 3870 ea
830 3802 1028 3870 delectabant
1047 3803 1080 3869 in
1103 3800 1252 3884 ardiciie,
1274 3818 1357 3883 queo
1373 3817 1430 3868 noe
1444 3819 1533 3868 sum-

306 3932 433 3997 mopere
455 3919 665 3995 commovent,
694 3932 776 3982 5555
804 3920 837 3981 51
862 3919 935 3981 non·
948 3914 1015 3997 jem
1042 3914 1083 3981 ab
1111 3913 1180 3980 eliis
1207 3917 1346 3981 tentam:
1374 3911 1445 3980 hino
1474 3913 1533 3982 illa

199 4065 200 4070 =
306 4026 452 4094 similium
475 4031 653 4093 statuarum
675 4026 779 4110 eopia,
807 4043 939 4108 querum
961 4030 1105 4092 auctores
1127 4042 1251 4108 semper
1271 4042 1306 4091 ee
1326 4041 1533 4107 nuncupasse

307 4138 358 4205 551
379 4139 411 4204 15
435 4137 561 4206 basibus
583 4155 665 4204 nunc
685 4137 816 4222 perditis
835 4138 902 4204 reri
922 4137 1159 4205 dissimillimum
1174 4141 1231 4204 est.
1267 4135 1301 4204 si
1315 4137 1386 4221 quie
1401 4137 1532 4220 quando

308 4251 425 4335 optime
446 4249 578 4336 alicujus
601 4249 652 4317 dei
673 4255 729 4317 aut
749 4250 853 4318 herois
873 4248 1005 4335 figuram
1025 4253 1221 4335 expresserat
1238 4249 1293 4329 ita,
1316 4253 1352 4314 ut
1365 4247 1531 4316 hominum

307 4363 526 4448 cogitationem
548 4367 700 4447 aequaret
721 4362 783 4448 (551
805 4362 899 4430 51155
921 4366 1102 4447 superaret,
1130 4362 1213 4446 quod
1236 4362 1275 4428 de
1296 4361 1425 4428 Phidiae
1446 4362 1532 4431 Jove

306 4476 496 4543 dictumest
521 4475 612 4542 Dion.
642 4473 751 4559 Chrys.
773 4474 838 4541 XII
862 4494 892 4559 5.
916 4475 976 4540 241
1007 4476 1132 4559 Emper.
1156 4473 1285 4554 Quintil.
1300 4473 1379 4555 XII,
1402 4473 1460 4555 10,
1484 4473 1531 4558 9),

307 4607 369 4656 555
391 4591 474 4669 erat,
503 4606 559 4656 cur
580 4586 769 4671 posteriores
790 4584 925 4655 artifices
947 4587 980 4652 in
1002 4585 1110 4654 eodem
1137 4585 1265 4654 nurnine
1291 4583 1435 4670 fingendo
1465 4585 1533 4656 aba

307 4705 515 4779 sectamntur,
537 4705 570 4767 et
592 4718 632 4767 ne
654 4703 728 4766 sunt
749 4699 875 4782 quidem
896 4699 1016 4769 sectati.
1050 4699 1221 4768 45515555
1236 4700 1342 4765 55155
1355 4697 1532 4767 15555555
