3330 5378
651 485 864 549 ..59-

12 736 14 738 ,
145 677 277 742 eandem
307 675 347 742 oh
375 690 502 740 causam
530 670 603 738 lecit
631 691 668 738 ac
697 670 872 753 suiipsius
901 672 1037 756 speciem
1066 673 1109 740 ibi
1136 673 1278 753 inclusit,
1307 692 1369 741 non

146 807 209 871 quo
232 787 394 872 inscriptio
417 790 501 853 esset
523 789 651 868 negata,
680 785 735 852 sed
751 785 842 869 'quod
863 789 896 851 et
917 784 1009 852 amici
1036 789 1069 850 et
1094 784 1192 867 ipsius
1219 784 1370 850 memoria

144 900 264 967 diutius
292 903 377 966 esset
406 915 570 978 mansura,
598 901 631 963 et
658 896 777 980 species
804 915 953 980 expressa
981 895 1013 962 in
1040 894 1138 980 clipeo
1167 897 1369 980 inscriptione

143 1010 193 1077 rel
222 1007 479 1077 honorificentior
507 1012 600 1074 esset.
652 1007 743 1087 Quod
771 1009 864 1076 aliter
892 1027 927 1075 se
954 997 1102 1076 habuisse
1131 1027 1172 1074 ne
1199 1008 1269 1088 quis
1297 1007 1369 1074 Plu·

146 1123 292 1189 barchum
313 1127 428 1188 testem
450 1121 526 1186 citet
548 1118 671 1203 (Pericl.
695 1119 809 1203 c.13):
831 1121 851 1208 ἡ
875 1119 911 1183 δὲ
939 1119 1017 1193 δόξα
1047 1123 1108 1184 τῶν
1136 1117 1238 1205 ἔργων
1267 1118 1370 1194 ἐπίεζε

143 1231 257 1321 φθόνῳ
281 1234 332 1297 τὸν
356 1230 497 1308 Φειδίαν,
527 1230 617 1314 quasi
639 1232 755 1315 optime
778 1229 936 1299 Ciceronis
959 1232 1049 1299 dictis
1072 1233 1264 1312 concineret,
1293 1249 1367 1298 nem

145 1345 219 1412 ride
241 1343 351 1427 modo,
380 1362 462 1428 quae
489 1349 679 1427 sequuntur:
707 1344 755 1406 καὶ
780 1341 915 1430 μάλισθ’
938 1345 984 1409 ὅτι
1015 1346 1068 1434 τὴν
1096 1344 1176 1430 πρὸς
1203 1341 1369 1428 Ἀμαζόνας

23 1522 25 1525 .
140 1459 245 1548 μάχην
268 1455 300 1520 ἐν
324 1464 362 1545 τῇ
387 1455 493 1521 ἀσπίδι
520 1458 615 1520 ποιῶν
643 1455 737 1520 αὑτοῦ
768 1479 832 1519 τινα
857 1457 986 1545 μορφὴν
1016 1454 1191 1520 ἐνετύπωσε
1295 1504 1303 1519 .
1320 1456 1369 1520 καὶ

146 1572 202 1634 τοῦ
218 1567 406 1656 Περικλέους
426 1567 528 1632 εἰκόνα
551 1568 707 1655 παγκάλην
728 1563 874 1656 iscipu,-
898 1567 1014 1634 invidia
1028 1567 1134 1650 igitur,
1156 1585 1219 1648 qua
1233 1566 1367 1634 commeo

143 1681 256 1749 artifici
279 1679 511 1764 inscriptionem
533 1685 680 1764 negatam
703 1699 771 1746 esse
794 1679 913 1758 dicunt,
942 1700 980 1748 er
1008 1680 1195 1763 imaginibus
1223 1678 1284 1744 illis
1311 1698 1366 1762 po-

143 1795 299 1862 tissimum
320 1799 430 1862 exorta
451 1799 508 1860 est.

229 1908 275 1972 Ac
302 1923 359 1972 nos
386 1904 527 1986 quidem,
555 1903 616 1969 nisi
645 1903 728 1969 lorte
758 1903 867 1970 Cicero
893 1904 961 1987 ipse
990 1910 1026 1969 ut
1053 1903 1182 1969 Phidiae
1212 1903 1365 1969 rationem

146 2018 304 2086 insolitam
327 2017 511 2102 explicaret,
540 2016 709 2082 inscribere
730 2016 761 2083 ei
787 2034 848 2082 non
876 2016 1001 2082 licuisse
1028 2015 1206 2098 suspicatus
1235 2020 1298 2096 est,
1326 2034 1365 2082 er

142 2129 332 2213 imaginibus
354 2130 386 2195 in
409 2129 569 2195 Minervae
592 2127 690 2210 clipeo
714 2128 869 2211 expressis
891 2125 977 2193 illam
999 2126 1144 2193 fabellam
1167 2124 1272 2192 fictam
1295 2143 1365 2193 esse

142 2241 342 2308 arbitramur.
388 2238 479 2319 Quod
500 2258 520 2304 a
542 2245 684 2306 veterum
705 2258 791 2305 more
814 2257 875 2304 non
898 2239 1097 2305 abhorruisse
1126 2237 1299 2304 luculenter
1326 2239 1365 2304 iis

72 2346 84 2368 ⁰
142 2351 293 2433 efficitur,
326 2371 406 2436 quae
440 2352 479 2417 de
512 2350 614 2422 Saura
647 2358 680 2416 et
714 2351 869 2418 Batracho
902 2349 1098 2418 ferebantur:
1131 2349 1250 2416 Plinius
1284 2349 1366 2416 enim

144 2464 301 2548 (XXXVI,
324 2463 378 2548 42)
403 2463 532 2529 tradidit
553 2463 644 2528 haec:
670 2497 673 2502 ·

239 2575 321 2643 »Nec
345 2575 477 2641 Sauram
494 2580 589 2657 atque
605 2574 794 2640 Batrachum
817 2575 992 2641 oblitterari
1014 2574 1167 2654 convenit,
1188 2574 1242 2655 qui
1263 2573 1365 2642 iecere

145 2686 281 2770 »templa
304 2686 453 2754 Octaviae
478 2685 650 2769 porticibus
678 2684 798 2753 inclusa
826 2687 953 2752 natione
982 2686 1041 2769 ipsi
1071 2686 1220 2753 Lacones.
1271 2686 1365 2766 Qui·

145 2800 248 2888 »dam
270 2805 303 2866 et
330 2799 441 2881 opibus
470 2816 524 2865 eos
553 2801 774 2881 praepotentes
804 2796 901 2865 luisse
931 2804 1045 2882 putant
1074 2817 1112 2865 ac
1140 2817 1199 2865 sua
1224 2799 1368 2882 impensa

145 2893 378 2979 »construxisse
399 2910 631 2994 inscriptionem
654 2916 834 2993 sperantes,
857 2929 928 2994 quaw
942 2911 1075 2995 negata¹
1097 2909 1155 2976 hoc
1178 2913 1282 2976 tamen
1304 2910 1366 2978 alio

146 3025 257 3091 »morlo
279 3041 466 3105 usurpasse:
490 3029 564 3090 suut
586 3029 695 3090 certe
717 3023 887 3090 etiamnum
910 3025 941 3090 iu
964 3025 1178 3091 columnarum
1200 3023 1292 3106 spiris
1320 3023 1364 3089 in-

145 3134 287 3219 »sculpta
308 3136 467 3203 nominum
489 3153 598 3201 eorum
619 3141 803 3218 argumento
826 3134 945 3202 lacerta
966 3141 1061 3220 atque
1084 3155 1190 3202 rana.‹

230 3245 410 3332 Capitulum
432 3265 507 3314 sane
531 3253 618 3314 extat
639 3250 688 3315 his
704 3250 891 3317 animalibus
907 3257 1051 3317 ornatum
1068 3249 1264 3334 (Winckelm.
1282 3267 1364 3316 mon.

141 3361 224 3426 ined.
248 3359 341 3443 206),
371 3360 427 3425 sed
455 3358 560 3426 fictum
590 3359 735 3428 labellum
766 3381 803 3429 er
833 3364 1019 3430 animalibus
1049 3363 1203 3445 expressis
1233 3379 1304 3428 esse
1333 3367 1366 3429 et

142 3471 265 3537 Plinius
288 3471 365 3538 satis
388 3471 524 3538 dilucide
545 3473 693 3539 indicavit
715 3474 855 3557 (quidam
876 3479 990 3558 putant
1005 3511 1045 3522 -
1061 3474 1118 3541 sed
1134 3474 1167 3540 id
1183 3473 1285 3540 solum
1299 3491 1365 3540 cer·

144 3589 213 3648 tum
236 3587 285 3648 est
305 3581 358 3649 illa
379 3583 527 3648 animalia
545 3601 613 3650 esse
627 3585 796 3669 insculpta)
811 3591 844 3652 et
860 3586 895 3652 R.
912 3585 1084 3652 Rochettus
1100 3585 1133 3671 (l.
1146 3586 1165 3649 l.
1181 3604 1211 3668 p.
1225 3585 1263 3648 11
1281 3584 1364 3668 sqq.)

141 3693 297 3776 probavit.
334 3693 520 3778 Nuperrime
539 3700 643 3761 autem
661 3694 849 3780 Stephanius
871 3702 955 3764 recte
969 3699 1090 3764 monuit
1105 3694 1365 3781 (complacenda

142 3804 226 3869 1865
253 3824 284 3887 p.
307 3807 382 3891 198)
410 3806 545 3874 lacertas
574 3813 606 3874 et
632 3826 725 3875 ranas
754 3809 904 3875 columnis
933 3808 1018 3874 haud
1046 3808 1139 3875 dubie
1166 3808 1292 3889 saepius
1319 3807 1365 3874 in-

139 3917 280 3999 sculptas
301 3935 380 3999 esse,
405 3919 488 4000 quod
511 3919 594 3984 mala
615 3920 780 4003 prohibere
803 3919 1020 3986 credebantur.
1056 3921 1186 3987 Veteres
1209 3925 1314 3986 autem
1332 3924 1365 3986 et

142 4029 256 4096 Graeci
278 4035 310 4096 et
335 4031 466 4097 Romani
494 4032 535 4097 acl
563 4031 638 4098 talia
665 4031 811 4115 lingenda
838 4053 875 4100 eo
904 4033 1065 4116 proniores
1091 4031 1188 4099 luisse
1215 4031 1291 4097 mihi
1320 4031 1365 4098 vi·

141 4141 267 4223 dentur,
290 4143 438 4223 quoniam
461 4143 545 4209 haud
568 4159 639 4208 raro
662 4145 847 4211 animalibus
869 4145 995 4211 uomina
1017 4149 1247 4225 expresserunt.
1255 4144 1277 4206 ².

210 4366 369 4436 linscriptio
387 4367 471 4419 votiva
496 4367 660 4435 intelligitur3
685 4368 821 4422 artificibus
844 4370 947 4422 nomina
970 4370 1107 4422 inscribere
1131 4369 1249 4438 operibus
1266 4369 1363 4422 &mse

137 4452 243 4526 licuisse
261 4453 338 4505 Plinii
356 4452 462 4517 XXXV,
482 4453 561 4522 §154
579 4456 748 4508 confirmatur.
988 4517 989 4520 Ἴ

210 4538 438 4592 twinctrelmann.
456 4541 569 4592 Versuch
587 4541 654 4593 einer
672 4541 803 4611 Allsgorie
820 4561 874 4612 cap.
884 4545 913 4598 V.
934 4574 965 4584 -
984 4544 1124 4596 Michaelis.
1144 4543 1217 4598 Arch.
1230 4544 1285 4612 Ztg.
1297 4542 1362 4599 1859

136 4645 164 4697 p.
178 4628 221 4682 24.
247 4623 342 4681 Caura.
367 4626 439 4678 arch.
463 4628 525 4679 Aur.
546 4629 613 4684 1864
630 4627 744 4696 pulit
767 4657 800 4671 ···
824 4629 986 4685 Friederichs.
1011 4633 1097 4686 Bacch
1116 4649 1141 4682 n.
1153 4631 1203 4688 377
1223 4630 1311 4702 1³:207
1329 4629 1361 4684 ei·

133 4712 268 4767 Plumea.
288 4710 343 4767 cio.
360 4729 414 4782 cap.
428 4713 446 4765 1.
464 4715 509 4782 (Ν
527 4732 551 4783 p.
565 4715 615 4770 238
633 4714 743 4785 Sintes.)
