3330 5378
775 1507 943 1586 CAPUT
968 1507 1034 1584 IV.

440 1695 528 1836 ouo
556 1727 603 1818 n
629 1724 712 1818 usu
740 1723 978 1818 sirinnan
1005 1720 1372 1829 scunnsoansonn

602 1881 934 1978 nscsnnouns
962 1880 1228 1973 memnon.

382 2090 429 2155 Ac
458 2088 593 2172 primum
624 2086 751 2168 quidem
783 2105 845 2152 non
881 2085 981 2151 cuivis
1014 2084 1101 2169 operi
1133 2083 1271 2154 auctoris
1304 2103 1418 2152 nomen
1449 2085 1523 2154 sub·

298 2200 447 2284 scriptum
478 2217 547 2265 esse
576 2216 636 2279 per.
662 2215 696 2264 se
726 2201 829 2280 patet;
863 2201 1003 2262 attamen
1031 2195 1248 2281 inscriptiones
1282 2197 1450 2280 praecipue
1484 2215 1523 2263 ex

298 2310 518 2377 florentissimo
539 2309 619 2376 artis
648 2327 725 2376 aevo
753 2327 929 2391 perpaucae
958 2313 1041 2376 sunt.
1086 2308 1134 2374 Ex
1162 2305 1295 2375 OCOCL
1326 2313 1431 2376 autem
1460 2315 1526 2376 sta·

299 2423 411 2490 tuariis
433 2421 717 2505 sculptoribusque,
739 2439 872 2504 quorum
892 2421 1018 2487 nomina
1033 2424 1168 2486 aetatem
1184 2420 1333 2503 tulerunt,
1358 2419 1527 2488 CXXVIII

300 2535 402 2601 solum
424 2552 461 2600 ex
482 2531 736 2616 inscriptionibus
758 2531 925 2613 finxerunt,
947 2531 1085 2598 XXVIII
1107 2538 1231 2599 tantum
1253 2537 1286 2599 et
1307 2533 1339 2599 in
1363 2533 1526 2616 scriptori-

301 2648 361 2715 bus
382 2652 416 2713 et
442 2647 475 2712 in
503 2645 603 2711 titulis
630 2645 847 2726 inveniuntur,
875 2645 959 2728 quod
988 2643 1037 2711 vel
1064 2643 1193 2727 maJoris
1222 2644 1371 2711 momenti
1401 2644 1531 2712 videtur

303 2757 513 2842 cogitantibus
540 2757 646 2834 nobis,
675 2755 810 2822 Plinium
838 2756 929 2838 quasi
957 2755 1155 2823 selectionem
1184 2756 1341 2840 quandam
1368 2757 1528 2823 bonorum
1575 2799 1576 2806 ,

303 2867 459 2938 artificum
480 2869 649 2935 memoriae
670 2867 861 2952 prodidisse,
891 2885 1023 2949 quorum
1046 2866 1172 2951 quidem
1194 2866 1303 2933 XVIII
1327 2871 1452 2934 tantum
1482 2868 1532 2936 in·

305 2982 490 3064 scriptiones
512 2980 673 3047 habemus.
717 2980 788 3047 Huc
808 2985 914 3048 autem
936 2979 1073 3060 accedit,
1101 2980 1187 3063 quod
1209 2979 1379 3062 scriptores
1401 2985 1531 3050 veteres

305 3093 532 3176 inscriptiones,
554 3109 632 3174 quas
654 3091 831 3158 rarissimas
854 3109 969 3174 easque
991 3111 1010 3157 a
1032 3093 1162 3157 summis
1178 3089 1351 3158 artificibus
1367 3091 1530 3175 proiectas

307 3205 496 3281 attulerunt,
528 3203 695 3269 inusitatas
724 3202 774 3269 vel
808 3220 1054 3286 supervacaneas
1088 3219 1157 3270 esse
1190 3202 1330 3270 indicare
1365 3204 1533 3272 videntur:

306 3315 480 3384 Pausanias
502 3315 586 3382 enim
608 3314 645 3396 V,
670 3315 726 3396 10,
758 3315 777 3377 2
808 3312 929 3380 Φειδίαν
959 3313 1003 3377 δὲ
1023 3315 1074 3378 τὸν
1101 3311 1317 3401 ἐργασάμενον
1344 3314 1378 3379 τὸ
1407 3313 1536 3401 ἄγαλμα

309 3428 412 3512 (Jovia
435 3426 583 3511 Olympii)
605 3425 681 3490 εἶναι
704 3429 764 3491 καὶ
786 3424 966 3515 ἐπίγραμμά
987 3426 1068 3490 ἐστιν
1092 3425 1127 3496 ἐς
1145 3424 1397 3512 μαρτυρίανῑ.
1442 3428 1536 3508 Quae

309 3558 380 3608 cum
401 3539 446 3604 ita
468 3539 550 3619 sint,
580 3557 643 3622 qua
665 3539 787 3606 ratione
809 3536 965 3606 artificum
992 3538 1142 3605 memoria
1169 3556 1190 3604 a
1215 3537 1375 3605 ueteribus
1404 3546 1537 3608 servata

309 3650 351 3717 sit
371 3650 612 3732 investigemus,
641 3651 753 3734 quodsi
775 3650 1041 3733 exploraverimus
1063 3655 1096 3716 et
1117 3649 1354 3733 inscriptionum
1376 3648 1537 3718 artificum

310 3779 401 3828 usum
424 3759 537 3826 melius
559 3778 790 3843 cognoscemus.

396 3870 430 3937 Si
452 3871 522 3954 quis
545 3870 642 3955 igitur
663 3874 747 3940 unde
762 3872 954 3940 Graecorum
976 3871 1131 3940 artificum
1152 3874 1296 3940 notitiam
1316 3878 1439 3941 veteres
1453 3875 1537 3942 hau·

310 3983 424 4063 serint,
445 3983 650 4064 quaesiverit,
673 3990 707 4054 ct
728 3985 993 4069 inscriptionibus,
1023 3987 1062 4052 de
1084 3985 1199 4066 quibus
1220 4004 1249 4051 v.
1271 4003 1301 4067 p.
1319 3986 1360 4050 36
1382 3990 1479 4066 nott,
1503 3994 1539 4054 ct

312 4093 479 4161 memoriae
500 4093 669 4178 plurimum
691 4097 809 4163 tribuet
832 4116 901 4163 eam
922 4097 962 4164 ob
991 4115 1134 4173 causam,
1162 4097 1246 4180 quod
1274 4098 1357 4179 apud
1385 4098 1538 4180 aequales

312 4203 361 4271 vel
385 4222 575 4272 summorum
597 4194 752 4274 artificum
774 4207 861 4275 nulla
882 4209 947 4277 iere
975 4211 1092 4276 mentio
1120 4197 1286 4275 inienitur.
1331 4208 1421 4287 Quod
1450 4211 1538 4276 enim

313 4316 501 4384 Plutarchus
523 4318 667 4401 (Periclis
688 4319 772 4386 ritae
795 4340 863 4404 cap.
879 4321 972 4406 XIII)
997 4322 1035 4387 tle
1057 4320 1203 4404 operibus
1228 4319 1313 4400 dixit,
1340 4319 1455 4401 quibus
1477 4321 1540 4390 Pe·

312 4428 404 4496 ricles
425 4429 622 4512 potissimum
644 4431 754 4500 urbem
776 4434 900 4501 ornavit
920 4434 1023 4498 κάλλει
1041 4431 1100 4518 μὲν
1122 4433 1182 4524 γὰρ
1212 4430 1341 4498 ἕκαστον
1371 4430 1470 4504 εὐθὺς
1499 4433 1539 4524 ἧν

382 4687 393 4734 l
408 4684 446 4744 CI.
463 4685 530 4741 Pliu.
541 4686 648 4754 XXXV,
666 4690 707 4754 28,
