3330 5378
680 465 868 528 ..7..

169 653 324 720 artificum
354 653 478 720 nomina
506 653 667 719 tradenda.
717 653 798 719 Eum
827 653 907 720 enim
920 673 922 679 ⁴
936 653 1155 735 inscriptiones
1183 653 1307 719 omnino
1336 671 1389 718 ne
1470 743 1472 746 Ι

170 763 304 848 glorisso
326 763 452 829 minime
472 762 632 847 probabile
654 768 718 831 ast:
741 764 813 830 inde
835 763 931 846 igitur
945 763 1000 843 VI,
1024 764 1053 844 9,
1076 764 1111 838 13
1135 762 1220 844 litii
1242 758 1390 851 Πτόλιχος

171 874 313 964 ἐποίησεν
329 873 498 963 Αἰγινήτης,
522 880 554 942 at
568 875 622 951 Vl,
645 877 674 957 9,
698 874 733 951 5;
756 876 785 955 9,
809 876 844 955 9;
869 875 918 954 10,
941 874 978 954 3;
1000 875 1049 955 11,
1072 870 1257 943 illinuntur
1277 879 1389 956 quater

172 983 330 1073 Αἰγινήτης
348 985 537 1052 nominatur.
582 984 744 1064 (lt-etiam
766 984 807 1051 ad
828 985 860 1065 1,
883 985 939 1068 28,
963 985 982 1049 2
1002 983 1058 1070 ubi
1082 1001 1193 1052 currus
1215 1001 1330 1050 aeneus
1356 981 1390 1051 in

170 1096 405 1163 Atheniensium
435 1115 507 1162 arce
536 1095 698 1163 dedicatus
725 1093 870 1177 affertur,
905 1095 1095 1179 epigramma
1125 1095 1209 1179 apud
1237 1095 1386 1162 Herodot.

172 1209 208 1290 V,
231 1209 281 1273 77.
305 1207 345 1273 ad
367 1207 431 1282 ΙΙΙ,
453 1207 503 1288 21,
529 1208 544 1274 1
574 1205 699 1273 Anthob
722 1205 776 1271 Gr.
799 1206 864 1271 Pal.
888 1205 981 1286 xiii,
1007 1206 1055 1270 14.
1085 1205 1126 1273 ad
1149 1206 1209 1286 VI,
1228 1207 1281 1298 ⁸15,
1304 1206 1387 1272 3-s

171 1319 210 1387 de
232 1318 422 1386 Clitomacho
447 1317 664 1401 Olympionica
681 1317 805 1384 Anthol.
820 1315 887 1382 Pal.
912 1317 965 1398 IX,
989 1317 1062 1398 588,
1084 1317 1197 1401 quibus
1218 1317 1293 1385 locis
1308 1317 1388 1384 Pau·
1424 1391 1426 1396 ,

171 1431 274 1498 sanias
290 1410 437 1498 nonnulla
452 1449 488 1504 ex
505 1430 759 1514 inscriptionibus
774 1429 917 1496 hausisse
933 1428 1065 1495 videtur.
1105 1427 1266 1496 Artificum
1281 1433 1387 1496 antem

171 1543 278 1609 titulos
302 1543 428 1626 saepius
450 1542 490 1609 ab
512 1560 548 1608 eo
571 1542 638 1624 ipso
662 1540 711 1607 vel
732 1541 772 1608 ab
793 1542 847 1624 iis,
868 1540 982 1625 quibus
1003 1559 1062 1608 sna
1084 1541 1208 1617 debuit,
1230 1541 1387 1630 consultos

171 1673 249 1737 esse,
273 1655 367 1721 etiam
389 1654 503 1720 clarius
525 1653 689 1737 apparebit
710 1653 742 1719 in
758 1671 802 1720 aa
824 1659 922 1735 parte,
946 1671 1027 1735 quae
1049 1656 1099 1720 est
1121 1653 1160 1718 de
1181 1652 1323 1736 patribus
1338 1670 1387 1719 ar-

171 1767 287 1835 tificum
309 1767 483 1851 inscriptis,
507 1767 560 1834 ubi
583 1767 780 1858 concordiam
802 1766 885 1832 inter
906 1765 1122 1849 inscriptiones
1146 1769 1180 1831 et
1200 1765 1386 1833 Pausaniam
1491 1807 1492 1810 =

172 1897 324 1946 summam
347 1897 416 1946 esse
447 1877 628 1945 videbimus.
673 1878 850 1945 Peculiaras
877 1881 982 1944 autem
1010 1876 1254 1968 inscriptionum
1271 1876 1386 1944 iormas

171 1992 343 2058 Pausanias
368 1991 527 2057 rarissime
550 1990 689 2069 retinuit,
712 1989 945 2080 potissumus,
969 1990 1009 2056 ab
1031 1989 1169 2073 erogetis
1189 1995 1326 2073 accepta,
1348 2010 1385 2057 ex

169 2103 255 2171 libris
277 2107 382 2172 sumta
404 2101 443 2170 dc
464 2101 637 2170 artificibus
660 2102 727 2185 ipse
748 2107 817 2169 arte
839 2102 1006 2184 conjunxit.
1243 2081 1247 2094 ’
1392 2158 1395 2163 ,

254 2214 339 2284 Haec
360 2216 465 2281 antem
488 2213 667 2282 dictasunt
689 2215 728 2280 da
750 2213 905 2294 fontibus,
929 2213 1026 2294 nnde,
1049 2232 1130 2299 qnae
1153 2215 1192 2282 do
1213 2215 1384 2284 artificibus

170 2326 308 2408 tradidit,
330 2326 502 2400 Pausanias
523 2326 643 2403 hansit;
669 2326 707 2393 de
730 2325 843 2408 quihus
866 2325 1042 2392 accuratius
1065 2327 1288 2410 disputandum
1308 2333 1386 2411 erat,
1479 2345 1483 2350 ·

170 2446 327 2524 utquam
356 2441 508 2510 rationem
538 2440 775 2523 inscriptionum
805 2439 960 2508 artificum
988 2438 1040 2508 ille
1068 2440 1245 2517 habuisset,
1275 2459 1412 2534 cogno-l

169 2569 334 2620 speramns.
1132 2627 1133 2630 Ἴ

255 2663 374 2744 Quibus
395 2663 544 2745 expositis
566 2663 701 2746 expediti
730 2663 950 2748 aggrediamur
977 2663 1019 2731 ad
1046 2662 1277 2747 inscriptiones
1304 2682 1386 2748 quae

169 2780 366 2858 manserunt,
389 2779 421 2842 et
442 2777 574 2860 primum
597 2775 724 2859 quidem
745 2777 853 2843 orbern
875 2775 981 2859 qnasi,
1009 2792 1071 2860 quo
1092 2775 1165 2844 illac
1187 2775 1404 2844 continentur

169 2888 389 2958 describamus.
433 2889 529 2955 Tituh
554 2893 676 2971 antem,
703 2907 782 2973 quos
810 2888 976 2969 habemus,
1005 2907 1067 2955 nou
1095 2887 1222 2955 oonsilio
1249 2889 1384 2970 quodam

169 3001 259 3068 alecti
265 3049 275 3084 ,
304 3001 360 3067 sed
381 3019 456 3069 casu
482 3001 612 3070 iortuito
641 3021 679 3069 ex
706 3003 847 3086 plurimis
875 3001 962 3083 aliis,
990 3000 1045 3083 qui
1072 2991 1205 3068 tortasse
1232 3001 1384 3084 gravioris

169 3117 261 3181 erant
283 3114 430 3192 momenti
450 3115 508 3182 soli
529 3119 665 3182 aetatem
693 3115 849 3194 tulerunt3
875 3113 930 3197 qui
957 3131 1147 3204 quamquam
1170 3097 1384 3180 'inductionem

169 3226 270 3292 minus
303 3227 485 3318 permittere
514 3227 676 3305 ridentur,
709 3227 770 3294 nisi
799 3245 870 3295 cum
896 3225 1082 3310 scriptorum
1108 3225 1199 3294 dictis
1224 3224 1327 3293 collati
1353 3231 1385 3291 et

169 3339 340 3419 comparati
361 3343 465 3407 tamen
489 3359 558 3407 eam
581 3339 699 3408 habent
721 3339 883 3420 virtutem,
908 3338 1021 3422 quibus
1043 3355 1136 3420 quam
1158 3338 1222 3404 late
1244 3343 1384 3403 veterum
1483 3381 1487 3386 -

169 3467 220 3517 ara
243 3451 396 3534 patuerit,
425 3452 523 3518 multo
545 3452 644 3534 magis
666 3451 768 3522 vivida
793 3450 984 3534 exprimatur
1010 3449 1121 3534 imago.
1166 3449 1280 3532 Ingens
1308 3467 1384 3515 sane
1428 3451 1430 3456 ’

170 3567 357 3646 vastumque
378 3562 551 3646 spatinm¹,
580 3563 664 3647 quod
686 3562 786 3630 titrdis
808 3562 1032 3629 statuariomm
1054 3567 1088 3627 et
1115 3560 1305 3644 sculptorum
1333 3578 1384 3626 ve-

168 3680 270 3742 terum
292 3679 477 3757 occupatur,
505 3677 594 3759 cnjus
623 3680 782 3743 extremae
811 3693 884 3742 orae
907 3675 1069 3758 Aegyptus
1100 3671 1258 3756 superior,
1288 3670 1384 3739 Sidon

168 3786 336 3855 Phoenices
360 3786 450 3868 urbe,
479 3786 600 3856 Vienna
620 3786 741 3856 Galbae
763 3787 927 3870 oppidum;
955 3785 1003 3852 sin
1025 3803 1100 3851 vero
1128 3784 1268 3851 tabidam
1294 3801 1384 3850 accu-

167 3898 266 3966 ratius
288 3899 469 3981 inspexeris,
490 3899 591 3967 multo
612 3899 763 3983 plurimas
781 3899 1000 3981 inscriptiones
1015 3898 1149 3966 arctiore
1164 3897 1239 3964 orbe
1255 3895 1384 3963 circum-

167 4011 261 4079 scribi
284 4011 411 4092 videbis,
434 4011 490 4094 qui
505 4013 616 4080 Rhodo
638 4019 670 4079 et
685 4012 781 4079 Creta
801 4010 922 4088 insulis,
945 4010 1040 4078 Asiae
1061 4009 1134 4089 oris,
1157 4007 1383 4090 Graeciaipsa,

167 4123 360 4190 meridionali
393 4127 426 4189 at
456 4123 560 4190 media
593 4123 685 4190 Italia
716 4119 880 4202 definitur,
916 4129 1012 4203 atque
1045 4121 1212 4204 praecipue
1242 4119 1384 4186 Athenae

168 4235 295 4320 (LXXX
318 4233 411 4318 lere),
436 4234 566 4302 Rhodus
589 4235 717 4318 (XXV),
746 4235 846 4301 Roma
869 4233 1031 4317 (xxxvi)
1053 4232 1161 4298 titulos
1183 4232 1273 4298 nobis
1295 4248 1384 4314 prac-

166 4348 311 4415 huarunt.
356 4348 444 4428 Quae
465 4365 535 4415 cum
558 4348 603 4415 ita
630 4349 693 4414 sint
721 4366 783 4415 non
808 4347 880 4431 plus
909 4346 1059 4414 ducentos
1087 4343 1311 4428 quinquaginta
1339 4342 1384 4409 la·

166 4459 253 4544 pides
275 4465 416 4544 repertos
439 4478 507 4527 esse
534 4458 689 4527 artificum
718 4460 893 4527 nominibus
921 4459 1058 4542 insignes
1082 4459 1155 4539 jure
1182 4454 1382 4524 moerendum

166 4617 366 4628 ——n-

234 4706 246 4746 ¹
260 4704 292 4756 V.
310 4705 421 4762 tabulam
438 4705 631 4775 geographiam
649 4703 778 4758 titulorum
796 4703 938 4759 oollsotioni
955 4703 1105 4771 adjunctam.
