3330 5378
660 435 783 513 ..pp
829 485 871 498 -

157 611 1377 721 maoammowamanumdnnua

154 750 296 832 5181
326 750 379 830 VI,
402 750 431 832 3,
455 750 483 815 5.
507 751 537 832 4,
559 752 589 815 4.
613 751 644 834 3,
668 752 696 814 6.
722 751 772 830 11,
797 750 825 814 5.
855 748 1000 831 111124,
1024 750 1053 812 4.
1083 749 1169 832 VIII,
1193 748 1243 830 30,
1267 748 1295 811 6.
1323 747 1378 828 IX,

153 863 206 945 31,
228 862 256 926 3.
290 862 329 944 X,
353 864 381 939 9,
404 863 433 926 8.
457 862 486 926 8.
517 862 566 944 10,
590 864 618 926 6.
650 862 767 947 16,1).
1194 854 1199 864 ’

238 973 328 1040 Nunc
350 978 548 1041 transeamus
570 974 611 1041 ad
634 973 721 1054 duas
736 973 814 1040 alias
843 974 976 1056 classes,
1007 990 1140 1055 quarum
1168 972 1252 1039 tituli
1279 973 1378 1056 patris

155 1090 189 1151 et
209 1087 332 1169 patriae
352 1085 479 1152 nomina
501 1087 576 1154 item
598 1086 779 1168 continent3
801 1105 858 1154 nos
880 1084 995 1154 autem
1008 1086 1048 1153 dc
1069 1085 1108 1152 iis
1128 1085 1276 1168 demus,
1298 1103 1378 1170 quae

153 1197 215 1266 illis
237 1204 311 1266 sunt
333 1199 510 1283 peculiaria.

749 1312 778 1375 2.

239 1423 276 1490 In
302 1424 402 1493 altera
429 1424 528 1492 classe
556 1427 706 1506 quattuor
737 1427 860 1490 tantum
889 1422 1082 1490 Graecorum
1109 1421 1265 1490 artificum
1293 1424 1377 1491 tituli

154 1534 366 1604 continentur:
401 1581 404 1588 ·
1352 1539 1359 1548 '

310 1651 337 1712 1.
362 1648 419 1733 (8.)
443 1646 536 1735 ἔργον
555 1645 791 1735 Ἀριστοκλέους,
814 1653 863 1716 est
884 1648 1056 1716 hexametri
1078 1647 1200 1716 initium
1221 1648 1272 1734 (cf.
1294 1647 1328 1716 0.
1350 1650 1375 1716 Ι.

355 1763 372 1828 Ι
395 1761 508 1830 introd.
538 1780 568 1844 p.
591 1761 710 1846 XXIX)

306 1874 335 1937 2.
360 1871 520 1938 Λυσίππου
543 1870 647 1960 ἔργον,
670 1892 763 1957 quem
786 1872 914 1940 titulum
934 1892 997 1941 non
1017 1892 1038 1940 a
1059 1873 1195 1958 Lysippo
1217 1875 1284 1958 ipso
1305 1894 1376 1959 pro·

354 1983 470 2052 sectum
492 2003 561 2053 esse
582 1985 756 2054 videbimus
783 1987 825 2072 (n.
853 1986 913 2050 185
923 1985 955 2070 a)

304 2097 333 2162 3.
358 2096 447 2182 (131)
471 2095 645 2185 Δημητρίου
668 2099 724 2162 τοῦ
745 2096 920 2186 Δημητρίου
943 2098 1045 2186 γλυφη

304 2210 333 2273 4.
357 2208 448 2294 (165)
470 2207 642 2296 Πρώτυτοτ
663 2207 753 2298 τέχνη
776 2207 1044 2299 ἐργαστηριορχοῦ

113 2359 117 2364 -
150 2321 205 2406 ((15
226 2320 335 2406 [Plut]
357 2320 483 2387 vitan
506 2337 550 2386 or.
568 2320 664 2388 Isocr.
689 2338 756 2402 cap.
773 2320 813 2383 27
829 2319 1021 2410 Λεωχάρους
1041 2317 1134 2406 ἔργον
1154 2319 1192 2387 51.
1214 2338 1273 2407 scr.
1291 2322 1373 2406 2l)1.

150 2433 228 2499 Illac
248 2436 354 2500 autem
376 2433 594 2517 inscriptiones
617 2453 654 2500 ex
670 2419 881 2501 Romanorum
900 2450 962 2499 ,usu
986 2432 1091 2516 potins
1116 2451 1210 2516 quam
1225 2453 1263 2500 ex
1279 2432 1375 2501 Grae-

150 2565 258 2614 corum
280 2546 490 2615 conformatae
512 2551 587 2613 sunt
608 2545 646 2614 cf.
670 2565 748 2630 opus
770 2545 913 2628 Phidiae,
942 2563 1023 2628 opus
1044 2544 1209 2612 Praxitelis
1235 2546 1278 2630 (n.
1303 2547 1374 2629 188,

151 2659 226 2743 189)
242 2657 277 2726 0.
293 2659 445 2743 Pomponi
460 2658 593 2739 Quirina·
605 2678 694 2743 opus,
709 2677 788 2743 opus
805 2657 971 2726 Atticianis
987 2656 1210 2726 Ahodisiensis
1226 2658 1371 2743 (append.

149 2770 199 2838 tit.
221 2769 314 2839 artiff.
337 2772 426 2840 Rom.
451 2771 480 2848 2,
503 2770 573 2855 ha).

743 2943 773 3010 3.

234 3081 343 3166 Neque
364 3079 456 3150 aliter
476 3100 527 3150 res
549 3101 584 3149 se
604 3082 701 3150 habet
722 3082 754 3148 in
775 3083 814 3148 ils
836 3083 949 3150 tertiae
978 3059 1089 3149 classis
1110 3069 1373 3165 inscriptionibus,

148 3194 263 3280 quibus
286 3195 372 3263 solus
392 3195 555 3280 genetivus
579 3195 714 3263 nominis
736 3195 832 3262 inest:

590 3305 743 3394 Μύρωνος
765 3306 879 3391 (1778)

590 3417 749 3483 Λυσίππου
773 3419 846 3503 (scr.
870 3418 925 3501 23)

591 3529 784 3617 Σωστράτου
807 3530 897 3614 (174)

233 3642 374 3734 Fuerunt
396 3629 538 3724 quidenn,
567 3644 621 3726 qui
642 3641 786 3725 genetivo
816 3641 1135 3726 artificem-unquam
1164 3642 1371 3727 significatum

149 3771 220 3820 esse
241 3759 402 3837 negarent,
425 3759 563 3822 attamen
585 3755 669 3836 qnod
691 3753 845 3820 Martialis
868 3754 947 3821 dixit
969 3754 1037 3839 (IX,
1060 3753 1116 3839 44)
1233 3837 1234 3840 ¹

489 3866 648 3932 Λυσίππου
670 3866 751 3950 lego,
773 3866 902 3933 Phidiae
923 3866 1031 3950 putavi
1088 3935 1094 3952 ,

148 3980 359 4046 Romanorum
381 3978 507 4060 quidem
530 3978 617 4045 illum
639 3996 731 4044 nsum
751 3977 847 4045 fuisse
866 3979 994 4060 probat;
1017 3997 1116 4062 quaro
1130 3997 1266 4056 moveor,
1289 3985 1324 4046 ut
1339 3986 1371 4048 51

148 4090 336 4158 Diadumeni
358 4094 390 4158 et
405 4091 538 4174 Ingenui
559 4091 777 4172 inscriptiones
797 4091 943 4175 (append.
959 4091 1007 4156 111.
1023 4089 1116 4156 antiis.
1133 4091 1220 4158 Rom.
1237 4093 1265 4174 6,
1281 4091 1314 4176 7)
1329 4093 1370 4159 ad

148 4199 284 4268 artifices
305 4203 462 4285 pertinere
483 4202 625 4282 credam3
654 4203 739 4268 illa'm
761 4205 867 4270 autem
899 4202 1023 4268 dicendi
1051 4202 1204 4269 rationem
1231 4201 1369 4270 aGrae·
1400 4239 1406 4252 ·

150 4332 257 4406 corum
279 4331 340 4380 usu
368 4313 537 4382 abhorrere
565 4314 659 4382 etiam
681 4313 718 4380 0.
742 4312 876 4382 Iahnius
905 4313 1027 4381 censuit
1054 4313 1160 4398 (Arch.
1183 4315 1251 4398 Ztg.
1280 4314 1368 4399 VIII,
1399 4327 1402 4333 ’

147 4445 179 4510 p.
202 4424 288 4508 208).

219 4601 311 4670 ¹qnod
327 4602 466 4657 Pausanias
483 4569 631 4673 saepissime
648 4601 730 4676 τέχνη
749 4619 809 4657 nsns
829 4609 875 4666 est,
894 4602 964 4656 Illius
982 4601 1074 4656 rationi
1093 4601 1220 4656 scribendi
1238 4618 1288 4655 non
1306 4601 1366 4655 urti-

150 4687 238 4744 ficihns
255 4688 422 4744 tribuendum.
