3344 5376
805 432 1043 498 -112—

250 624 310 692 187
911 621 960 686 13.

140 749 333 804 'alannum
416 733 534 798 Rornae
555 733 587 798 in
609 733 677 801 basi
699 739 791 800 enula
811 733 844 800 in
865 733 978 799 vicinia
999 732 1191 799 thermarum
1214 731 1357 798 Traiani:

160 829 312 950 ¹²5&oe
644 845 693 932 Τῷ
716 850 833 934 σωτῆρι
849 841 1018 934 Ἀσκληπιῷ
1040 849 1168 927 σῶστρα
1191 847 1239 908 καί

654 959 843 1048 χαριστήρια
866 957 1039 1047 Νικομήδης
1061 959 1078 1020 δ
1101 957 1215 1045 ἰατρός.

594 1069 651 1133 Τὰν
674 1069 783 1139 παιδὸς
805 1067 965 1134 καλλίσταν
988 1070 1060 1134 εἰκὼ
1084 1068 1176 1134 τάνδε
1199 1068 1286 1133 alento

599 1180 735 1252 Ναιᾶνος
756 1182 870 1270 κου’ρου
891 1183 1012 1268 ματρὸς
1034 1182 1091 1246 ἀπ’
1115 1181 1276 1269 δρτιτόκου

554 1291 728 1357 δαιδάλλων
747 1294 940 1379 μερόπεσσιν
962 1293 1084 1383 ἐμήσαο
1107 1297 1183 1371 σεῖο,
1206 1292 1323 1382 Bonae,

576 1404 756 1491 εδπαλάμου
779 1406 892 1495 σοφίης
910 1411 1018 1492 μνάμα
1039 1409 1087 1472 καί
1109 1407 1297 1491 ἐσσυμένως.

526 1513 602 1605 θῆκε
624 1515 657 1581 δ’
680 1518 757 1602 ὁμοῦ
782 1517 901 1582 νούσων
924 1541 958 1583 τε
979 1523 1080 1582 κακῶν
1103 1519 1240 1606 ζωάγρια
1264 1521 1345 1583 Νικυ·

594 1629 700 1718 μήδης
721 1630 769 1693 καί
785 1635 904 1719 χειρῶν
926 1630 1038 1716 δεῖγμα
1061 1631 1278 1716 παλαιγενέων.

330 1766 435 1852 paullo
467 1772 538 1850 post
565 1767 749 1852 inscriptum
779 1773 827 1836 est
856 1769 889 1834 in
919 1770 1027 1838 eodem
1056 1769 1159 1854 lapide
1185 1772 1318 1838 alterum
1349 1771 1560 1854 epigramma,

331 1881 415 1962 quod
437 1879 581 1962 pertinet,
606 1884 642 1945 ut
663 1879 797 1960 videtur,
820 1881 860 1946 ad
882 1880 964 1948 idem
986 1880 1168 1950 artificium:

557 2009 606 2095 Τῷ
627 2009 754 2092 βασιλεῖ
767 2005 937 2099 Ἀσκληπιῷ
960 2015 1089 2098 σῶστρα
1112 2012 1160 2076 καί
1176 2013 1323 2102 χωριστή·

643 2147 699 2209 ρια
721 2121 896 2212 Νικομήδης
917 2121 1097 2211 Σμυρναῖος
1118 2124 1232 2212 ίατράς.

587 2233 656 2297 Oion
678 2233 902 2319 ἐμαι[ώ]σαντο
926 2234 995 2300 νέον
1019 2236 1108 2300 τόκον
1131 2234 1297 2300 Εἰλείθυιαι

600 2345 634 2409 ἐκ
656 2344 794 2430 Φλεγύου
818 2347 934 2436 κούρης
956 2347 1064 2436 Φοίβῳ
1088 2347 1282 2436 ἀκειρεκόμη,

600 2459 682 2524 τοῖόν
704 2483 749 2524 τοι
771 2458 870 2523 Παιὰν
888 2455 1044 2549 Ἀσκληπιὲ
1066 2463 1131 2526 σεῖο
1155 2458 1282 2549 Βοηθὸς

542 2573 651 2662 χειρὸς
672 2571 787 2657 ἄγαλμ’
811 2570 936 2662 δγαδής
957 2573 1064 2647 τεῦξεν
1087 2575 1154 2644 ἑαῖς
1175 2572 1328 2660 πραπίσιν.

587 2687 655 2774 νηῷ
676 2684 750 2749 δ’ἐν
773 2684 858 2772 τῷδε
881 2686 1021 2770 ζωάγρια
1045 2684 1139 2774 δήκεν
1162 2683 1299 2772 ὁρᾶσθαι

578 2798 703 2862 πολλάκι
725 2802 797 2868 σαῖς
816 2797 947 2881 βουλαῖς
970 2799 1081 2861 νοῦσον
1104 2797 1305 2878 ἀλευάμενος,

536 2910 593 2980 σὸς
615 2906 775 2995 θεράπων,
800 2907 892 2998 εὐχῆς
913 2907 1016 2996 ὀλίγην
1039 2907 1135 2984 δόσιν,
1159 2909 1208 2972 υἷα
1231 2906 1348 2973 δεοῖσιν

594 3020 710 3108 ἄνδρες
731 3021 894 3110 ἐφημέριοι
917 3021 1017 3086 τῶνδε
1039 3022 1172 3109 φέρουσι
1187 3023 1291 3111 χάριν.

335 3159 372 3225 In
400 3157 517 3225 anthol.
545 3159 644 3225 Palat.
673 3157 824 3241 append.:
854 3159 1046 3248 Νικομήδους
1073 3165 1105 3226 et
1132 3161 1185 3223 τοῦ
1214 3158 1324 3239 αὐτοῦ;
1355 3158 1419 3226 duo
1450 3165 1566 3229 aulem

335 3289 444 3338 versus
466 3271 586 3354 priores
608 3270 714 3338 omissi
737 3274 811 3338 sunt
833 3268 895 3356 (τῷ
917 3307 959 3318 -
982 3269 1110 3357 ἱατρός).

493 3536 588 3605 Tituli
610 3537 700 3606 lalini
722 3536 775 3621 qui
797 3537 837 3603 ad
860 3537 1051 3604 Graecorum
1073 3535 1206 3604 artificia
1227 3537 1393 3621 paulinani

420 3712 540 3778 Romae
561 3712 593 3777 in
615 3709 768 3790 Quirinali
790 3709 911 3793 (Monte
933 3707 1074 3790 Cavallo)
1098 3708 1159 3774 duo
1188 3708 1277 3792 signa
1302 3708 1444 3777 colossea
1469 3713 1568 3795 Juve-

336 3842 411 3891 num
434 3843 531 3909 equos
553 3821 755 3904 donantium,
777 3839 909 3905 quorum
933 3821 992 3888 sub
1014 3819 1130 3887 altaro:

532 3963 582 4025 14.
1075 3959 1134 4027 sub
1157 3959 1271 4027 altero:
1296 3961 1345 4026 15.

439 4075 526 4160 Opus
547 4072 678 4141 Phidiae
864 4144 868 4154 ,
1179 4071 1266 4156 Opus
1288 4071 1456 4140 Praxitelia

341 4199 480 4263 »veteres
509 4193 726 4278 inscriptiones
755 4191 910 4274 repositas
940 4209 1035 4258 esse«
1067 4189 1201 4258 asinio
1230 4192 1339 4274 quinto
1368 4199 1456 4276 pont¹
1480 4212 1566 4264 max.

339 4308 590 4394 (MDLXXXIX)
629 4307 691 4375 alio
727 4306 819 4373 titulo
862 4305 944 4372 docti
984 4322 1102 4371 sumus.
1162 4303 1292 4387 Singula
1327 4304 1436 4372 videas
1476 4311 1569 4391 apud

338 4421 543 4489 Friedarichs.

170 4031 231 4098 188
259 4031 318 4095 189

408 4589 448 4644 na.
467 4585 498 4640 c.
511 4585 530 4636 1.
543 4585 667 4642 mnan.
691 4563 794 4638 naua.
806 4582 1061 4653 inluminas,
1073 4584 1115 4640 aa.
1127 4584 1215 4636 aa„
1227 4581 1316 4635 omn.
1329 4579 1476 4647 saunas,
1488 4586 1570 4642 unua.

408 4677 450 4730 14.
469 4674 509 4730 15.
527 4690 550 4726 ι.
568 4671 749 4728 Νιίεδειίεὴεκ
767 4669 900 4724 Βιαειείαο
917 4689 943 4724 n.
958 4673 1016 4734 104,
1036 4671 1086 4727 105
1104 4688 1128 4738 p.
1145 4670 1193 4728 121
1209 4687 1248 4738 aq.
