3344 5376
780 432 1009 495 -166-

369 624 541 708 Agrigento
563 640 666 689 nonne
688 657 787 666 -—
810 621 933 704 signnm
956 618 1106 702 Apollinis
1129 616 1389 700 pulcherrimum,
1417 615 1514 696 cujus

284 738 316 803 in
339 736 455 803 femore
475 735 590 802 litteris
612 733 740 799 minutis
762 732 918 814 argenteis
940 747 1051 797 nomen
1066 727 1209 814 Myronis
1224 733 1293 795 eret
1309 725 1513 809 inscriptum,

285 867 322 915 ex
345 845 522 930 Aesculapii
544 843 778 927 religiosissimo
800 843 872 909 lano
894 840 1070 907 sustulisti?

315 1013 344 1070 ⁴
871 1039 919 1102 in.

367 1131 500 1195 Peucen.
516 1127 554 1208 V,
580 1126 629 1207 10,
652 1127 689 1189 2:

369 1237 491 1304 Φειδίαν
516 1238 552 1302 δὲ
575 1239 626 1301 τίιν
649 1236 865 1324 ἐργασάμενον
889 1236 922 1298 τὸ
945 1197 1066 1318 ἄγαλμα
1083 1234 1184 1318 (Jovis
1200 1232 1348 1317 Olympii)
1366 1231 1446 1297 eluat
1463 1234 1517 1296 καί

284 1350 463 1438 ἐπίγραμμά
484 1349 565 1413 ἐστιν
589 1348 622 1419 ἐς
641 1346 815 1434 μαρτυρίαν
838 1347 896 1410 ὑπὸ
919 1349 973 1409 τοῦ
995 1346 1065 1416 Διὸς
1086 1370 1228 1432 γεγραμμ
1241 1345 1312 1410 ένον
1337 1348 1402 1414 τοῖς
1432 1343 1513 1406 ποσί

478 1458 639 1530 Φειδίας
661 1457 820 1544 Χαρμίδου
843 1460 909 1528 υίὸς
929 1454 1086 1546 Ἀθηναῖος
1104 1456 1142 1542 μ’
1166 1455 1301 1545 ἐποίησε.

858 1645 933 1712 l2e.

289 1825 291 1828 Ι
368 1735 496 1802 Lucien.
519 1735 632 1820 imcgg.
648 1734 678 1798 4.

368 1849 507 1918 Λυκῖνος.
742 1850 801 1911 τῶν
825 1845 861 1908 δὲ
878 1842 999 1910 Φειδίου
1022 1842 1124 1931 ἔργων
1140 1843 1168 1908 τί
1178 1843 1311 1928 μάλιστα
1327 1836 1496 1929 ἐπῄνεσας
1501 1864 1515 1925 ,·

287 1958 513 2045 Πολύστρατος.
538 1959 567 2023 τί
579 1959 612 2022 δ’
628 1959 701 2023 ἄλλο
717 1957 736 2047 λ)
752 1961 805 2048 τὴν
822 1957 966 2046 Λημνίαν,
989 1953 1010 2046 ᾖ
1025 1957 1073 2021 καί
1087 1955 1255 2042 ἐπιγράψαι
1271 1952 1405 2038 τοῦναμα
1422 1951 1512 2018 Φει-

285 2070 371 2144 δίας
385 2070 516 2160 peina&
539 2073 587 2136 καί
603 2072 637 2160 νὴ
654 2071 708 2134 Δία
724 2073 777 2160 τὴν
788 2067 937 2154 Ἀμαζόνα
953 2072 1006 2159 τὴν
1021 2067 1261 2155 ἐπερειδομένην
1285 2066 1334 2154 τῷ
1356 2067 1512 2153 δορατίῳ.

858 2261 935 2327 12b.

258 2427 260 2438 .
371 2374 500 2456 Procop.
525 2372 565 2438 de
587 2371 676 2460 bellos
691 2371 783 2439 Goth.
800 2372 855 2454 lV,
878 2373 935 2436 21:

368 2485 501 2570 [Romae
523 2463 555 2550 in
578 2483 645 2551 soro
661 2485 764 2570 Pacis]
784 2485 865 2567 βοῦς
880 2486 1015 2573 χαλκοῦς
1031 2479 1150 2573 ἐστγκε,
1175 2482 1310 2556 Φειδίου,
1335 2482 1430 2568 οἶμαι,
1457 2485 1514 2546 τοῦ

282 2575 442 2686 Ἀθηναίου
464 2595 484 2685 ἢ
507 2596 665 2661 Λυσίππου
688 2593 789 2682 ἔργον.
831 2596 991 2683 ἀγάλματα
1012 2597 1074 2682 γὰρ
1097 2595 1130 2660 ἐν
1150 2596 1252 2685 χώρῳ
1280 2594 1380 2681 τούτῳ
1412 2594 1515 2658 πολλὰ

288 2707 406 2772 τούτοιν
428 2691 466 2798 δὴ
490 2711 553 2772 τοῖν
574 2708 701 2793 ιένδροίν
724 2709 879 2797 ποιήματά
908 2711 991 2774 ελσιν.
1022 2710 1059 2774 οῦ
1088 2710 1127 2799 δὴ
1155 2710 1203 2773 καί
1226 2706 1386 2772 Φειδίου
1415 2704 1514 2792 ἔργον

291 2819 408 2908 ἕτερον,
433 2823 521 2885 τοῦτο
544 2820 604 2906 γὰρ
626 2819 707 2903 λέγει
730 2820 766 2918 τά
788 2818 821 2882 ἐν
845 2828 891 2906 τῷ
913 2821 1065 2906 ἀγάλματι
1087 2824 1263 2908 γράμματα.

864 2992 927 3077 [13.

376 3082 794 3185 nntn01.nant.1x‚743:
820 3103 1016 3192 οειοομοα·
1040 3105 1086 3190 (ιι
1108 3124 1136 3172 ι.
1160 3103 1232 3170 cnr.
1256 3104 1332 3187 sec.)

434 3214 586 3280 θεσσαλαὶ
609 3217 639 3279 ai
660 3214 739 3299 βόες
759 3217 842 3280 αίδε·
866 3195 950 3304 παρά
973 3213 1158 3304 προίλιίροισι
1179 3215 1213 3280 δ’
1236 3213 1366 3286 Ἆδάνας

607 3330 741 3404 ἑστᾶσιν,
765 3329 857 3392 καλὸν
878 3325 1203 3415 διῦρον,’1ι9ιονιάδος·

480 3425 584 3506 στῦσαι
589 3441 729 3531 χάλκειοι
752 3441 935 3506 δυοκαίδεκα
959 3439 1194 3528 Φράδμονος
1214 3439 1317 3527 ἔργον,

548 3555 596 3616 καί
619 3557 711 3616 πᾶσαι
734 3558 857 3637 γυμνῶν
879 3555 989 3618 σκῦλον
1012 3552 1069 3616 ἀπ’
1088 3549 1247 3639 Ἰλλυρίων.

291 3663 457 3732 Beuudorf.
480 3664 500 3730 l.
523 3665 543 3729 l.
567 3682 597 3746 p.
613 3665 651 3729 41
680 3666 889 3748 »epigramma
910 3665 937 3730 si
961 3684 1031 3730 eum
1053 3663 1280 3730 Phradmonem
1303 3663 1395 3744 dicit,
1417 3683 1514 3748 quem

291 3775 410 3840 Plinius
432 3776 490 3842 sub
513 3777 552 3842 ol.
569 3773 610 3840 90
632 3775 729 3859 ponit,
753 3776 1030 3843 demonstrativum
1055 3780 1111 3856 est,
1136 3776 1183 3840 sin
1204 3775 1299 3841 ulium
1319 3775 1409 3841 nobis
1425 3776 1513 3858 igno·

291 3891 357 3952 lum
379 3884 606 3967 Phradmoneu‚
628 3905 702 3954 vera
724 3887 886 3971 inscriptio
908 3905 977 3954 esse
998 3888 1146 3972 potuita]

739 4084 1060 4169 Mufflnst

284 4283 285 4286 Ἴ
376 4187 500 4255 Anthol.
523 4188 622 4255 Pelet.
638 4189 726 4269 XIII,
751 4189 818 4256 13.Ὶ
840 4253 844 4266 ,,

492 4299 585 4363 Τάνδε
606 4298 715 4388 Πορῆς
737 4300 791 4364 άνέ
811 4363 812 4368 ,
836 4283 869 4365 ’Ῑε
891 4299 1112 4391 Πολυμνήστου
1134 4301 1223 4388 φίλος
1245 4302 1308 4372 υίὸς

562 4411 883 4546 εῦξάμενοςέεκάτγν
906 4413 1043 4478 Παλλάδι
1071 4415 1248 4501 Τριτογενεῖ.

620 4519 820 4595 Ιίυδιονιατας
842 4524 997 4613 Κρησίλας
1018 4521 1183 4611 ελργάξατο

295 4653 322 4699 v.
339 4634 368 4700 3.
402 4634 556 4725 Kppollac
579 4636 711 4704 Meinek.
734 4637 842 4704 delect.
866 4643 947 4719 poet.
975 4637 1091 4704 anthol.
1114 4656 1144 4719 p.
1161 4638 1232 4702 239.
1264 4636 1356 4719 vulgo
1373 4633 1506 4722 Κρισίας.
