3344 5376
384 957 441 1023 DE
464 956 766 1038 MARMORARIIS,
791 956 1040 1034 LAPIDARIIS,
1064 958 1262 1026 uuuauns
1285 957 1507 1026 BREVITER

821 1095 1073 1163 ΕΧΡΟΝΙΤΠΒ.

418 1295 566 1360 Veterum
589 1293 743 1362 artificum
765 1297 938 1379 provincias
961 1315 1023 1362 non
1037 1300 1101 1361 tam
1116 1299 1203 1362 arcte
1215 1314 1285 1363 esse
1299 1296 1562 1378 circumscriptas

332 1425 427 1490 quam
448 1413 588 1474 nostrum
612 1409 688 1474 satis
710 1414 847 1475 constat:
873 1409 918 1475 ita
941 1408 995 1491 qui
1018 1407 1228 1474 Erechtheum
1250 1407 1346 1491 signis
1369 1397 1563 1474 marmoreis

332 1527 523 1585 ornaverunt
544 1519 753 1600 Antiphanes
780 1519 927 1599 Pruries,
957 1521 1051 1586 Jasas
1074 1519 1114 1585 ab
1136 1519 1281 1601 operibns
1303 1519 1432 1585 minoris
1458 1519 1563 1602 digni·

335 1630 412 1696 tatis
435 1629 602 1698 efficiendis
624 1650 685 1696 non
701 1633 920 1699 abstinuerunt
934 1632 976 1716 (r.
989 1633 1058 1698 Β.2
1081 1651 1110 1714 p.
1129 1631 1213 1715 156),
1235 1635 1268 1696 et
1281 1629 1410 1696 Luciani
1426 1630 1563 1711 quidem

333 1743 504 1809 avonculus
526 1761 587 1809 non
612 1743 711 1808 solum
734 1743 931 1828 ἑρμογλύφος
951 1743 1025 1824 fuit,
1054 1745 1108 1810 sed
1131 1745 1224 1809 etiam
1247 1739 1341 1805 didon
1363 1741 1504 1828 ἐργάτης
1526 1751 1562 1808 et

332 1855 551 1942 οονορμοοςής
579 1856 690 1937 (somn.
712 1855 756 1938 4).
767 1855 790 1938 ¹)
839 1854 930 1922 Unde
955 1853 1072 1921 iactum
1101 1860 1164 1934 est,
1193 1858 1230 1920 ut
1261 1855 1387 1920 nomina
1415 1870 1560 1936 quoquc,

332 1965 445 2047 quibus
477 1965 613 2032 artifices
645 1964 917 2047 significabantur,
950 1965 1100 2032 latissime
1128 1965 1338 2048 pertinerent,
1365 1965 1560 2047 praesertim

332 2093 401 2142 cum
427 2075 551 2141 illorum
581 2077 739 2143 nominum
769 2077 903 2159 plurima
929 2083 1034 2144 essent
1055 2077 1216 2158 universa,
1245 2075 1360 2158 quippe
1382 2091 1465 2156 quae
1487 2075 1559 2143 sive

331 2203 351 2249 a
365 2186 496 2252 matoria
511 2185 676 2269 (λιθοξόος,
701 2185 877 2272 λιθουργός,
889 2189 1099 2278 χολκοῦργος;
1121 2187 1352 2266 marmorarius,
1368 2186 1558 2269 lapidarius,

332 2296 488 2379 aerarius)
511 2298 576 2362 sire
597 2297 751 2364 aratione
765 2297 900 2377 fingendi
917 2298 1083 2384 (πλάστης
1106 2298 1253 2379 sculptor,
1274 2295 1472 2381 floturcrius)
1488 2299 1560 2364 siue

331 2407 371 2474 ab
393 2411 545 2489 operibus
568 2407 649 2474 fictis
664 2446 707 2457 —
722 2410 805 2491 quod
827 2409 910 2492 apud
926 2409 1082 2475 Romanos
1105 2409 1207 2474 minus
1229 2413 1262 2474 et
1282 2409 1384 2474 serias
1399 2409 1558 2474 usitatum

330 2555 373 2565 —
395 2517 665 2604 ἀνδριαντοποιὸς,
695 2519 960 2604 ἀγαλματοποιόςς
989 2520 1179 2597 statuerint,
1207 2518 1377 2600 signarius)
1400 2520 1559 2601 originem

331 2630 489 2716 ducerent.
524 2631 634 2714 Neque
655 2651 727 2697 raro
749 2633 787 2696 iis
810 2637 942 2711 tentum,
969 2650 1049 2714 quae
1071 2632 1236 2713 conjuncta
1257 2636 1333 2696 sunt
1353 2631 1473 2711 verbis,
1500 2633 1559 2713 qui

331 2740 432 2823 opifer
455 2741 674 2826 intelligendus
697 2742 747 2822 sit,
770 2740 948 2808 declaratur
971 2740 1082 2824 (11.12,
1105 2741 1170 2823 34).

416 2853 503 2933 Quae
534 2871 604 2920 cum
633 2855 678 2919 ita
702 2855 780 2933 sint,
810 2872 889 2936 quos
911 2855 943 2919 in
963 2852 1063 2918 titulis
1086 2853 1295 2919 Romamrum
1318 2853 1430 2919 votivis
1454 2853 1502 2938 (3,
1527 2857 1559 2935 5,

332 2967 360 3045 6,
383 2966 412 3046 9,
437 2965 559 3044 11,16,
584 2967 632 3044 17,
658 2966 706 3046 19,
728 2967 779 3044 21,
802 2966 853 3046 23,
876 2965 948 3047 36),
976 2963 1200 3048 sepulcralibus
1231 2965 1273 3048 (2,
1296 2964 1325 3044 4,
1350 2963 1399 3039 10,
1425 2963 1476 3047 12,
1505 2967 1559 3045 14,

331 3073 382 3155 20,
404 3076 455 3156 22,
478 3076 528 3152 26,
551 3076 668 3156 29-35,
691 3076 826 3160 37-40),
845 3077 914 3143 aliis
930 3075 1101 3158 reperimus
1119 3076 1347 3153 marmorarios,
1370 3074 1560 3158 lapidarius,

331 3187 489 3269 aerarios,
519 3189 597 3253 ulios
623 3189 776 3255 oblivione
805 3189 895 3255 obrui
923 3187 1092 3264 noluimus,
1119 3207 1189 3255 curn
1211 3189 1244 3252 in
1266 3187 1305 3254 iis
1328 3205 1397 3253 csse
1419 3186 1559 3269 possint,

331 3312 409 3377 quos
432 3299 525 3365 etiam
548 3318 605 3366 nos
627 3299 762 3366 artifices
786 3300 890 3365 dicere
913 3299 1086 3365 dubitaturi
1108 3319 1169 3366 non
1192 3317 1340 3366 essemus.

415 3412 461 3479 Ac
475 3412 687 3477 marmorarii
699 3413 823 3495 quidem
839 3413 870 3476 iu
886 3412 1065 3478 uuiversum
1080 3412 1101 3476 ii
1116 3411 1252 3488 fuerunt,
1267 3411 1321 3494 qui
1336 3428 1433 3491 opera
1448 3413 1561 3494 cujus-

331 3524 379 3589 vis
400 3524 522 3604 generis
538 3544 575 3590 ex
591 3542 744 3590 marmore
761 3524 924 3590 creabant:
947 3523 1056 3589 titulos
1069 3521 1291 3606 scribebant2),
1313 3521 1457 3588 aedificia
1471 3539 1561 3589 mar·

331 3633 469 3701 moribus
484 3634 679 3717 ornabantu,
694 3635 872 3718 pavimenta
886 3635 1078 3735 sternetant
1085 3633 1112 3716 ⁴)
1146 3632 1207 3698 Sed
1224 3632 1445 3699 marmorarios
1456 3634 1560 3700 etiam

398 3895 435 3960 1¹)
454 3902 557 3947 atauus
567 3911 651 3946 varum
661 3902 709 3956 art,
721 3894 789 3962 quod
801 3894 917 3946 nonnulli
929 3901 1087 3962 negaverunt
1097 3891 1165 3944 iutar
1177 3893 1289 3944 artifices
1299 3898 1324 3942 ct
1335 3889 1439 3958 opificae
1451 3899 1558 3944 ceteras

332 3979 413 4032 ullam
430 3981 508 4033 fnisse
526 3979 667 4031 discrimen.

411 4066 434 4135 ¹)
453 4065 533 4118 Orelli
550 4065 633 4121 4223:
652 4065 682 4117 D.
695 4065 734 4117 Μ.
753 4065 844 4118 titulos
862 4065 1009 4118 scribendos
1027 4063 1067 4115 val
1085 4064 1107 4116 si
1125 4062 1188 4130 quid
1205 4063 1289 4130 operis
1308 4063 1469 4113 marmorarii
1490 4079 1558 4130 opor

332 4153 407 4206 fuerit
427 4154 470 4204 hic
493 4151 586 4211 habeo
611 4152 643 4204 da
666 4169 716 4219 quo
738 4151 811 4203 titulo
835 4167 858 4202 v.
879 4149 909 4203 0.
922 4149 997 4202 Jahn.
1028 4147 1083 4201 Bor.
1109 4147 1134 4200 d
1158 4147 1241 4200 cache.
1256 4147 1315 4199 Gar.
1339 4146 1492 4214 hist-phil.
1517 4148 1558 4201 01.

333 4239 536 4392 1861053952..
556 4343 578 4376 r.
595 4323 672 4376 edict.
690 4321 771 4376 Diocl.
791 4339 843 4388 cap.
857 4321 913 4373 vn.
931 4320 1000 4378 bad.
1018 4321 1169 4373 Mommsen.
1192 4290 1256 4370 'Bon
1275 4317 1299 4369 d.
1317 4317 1473 4372 alchaida.
1487 4320 1555 4377 1851

331 4430 355 4479 p.
370 4413 401 4467 17
420 4409 453 4463 oi.
471 4427 495 4478 p·
507 4412 541 4467 54
557 4419 584 4463 at
601 4428 626 4477 p.
640 4410 681 4465 65.
698 4425 719 4462 a.
730 4426 752 4460 r.
769 4407 897 4460 nauseas

413 4496 436 4562 ⁴)
454 4495 484 4548 0.
497 4493 574 4548 Jahn.
609 4493 825 4562 Waudgemaalde
848 4491 900 4568 des
911 4490 1113 4544 columbarium
1136 4489 1162 4540 in
1181 4488 1225 4540 der
1243 4486 1313 4539 Villo
1330 4487 1434 4540 Parndli
1451 4491 1488 4542 in·
1503 4492 1556 4545 ob-

331 4585 493 4651 haudlnngan
511 4583 536 4634 d.
553 4581 657 4633 Hunch.
677 4580 755 4634 dead.
774 4577 968 4646 philon-philol.
988 4576 1026 4630 ct.
1039 4575 1099 4629 VIII
1117 4574 1206 4643 (1858)
1223 4593 1248 4642 p·
1262 4574 1312 4630 235
1329 4583 1381 4628 aot.
1400 4603 1432 4646 .'
1449 4575 1475 4627 J.
1488 4577 1556 4630 Mar·

331 4671 430 4739 quardt.
465 4669 538 4722 Rom.
559 4667 665 4719 Altertir.
679 4665 710 4728 V,
723 4669 739 4720 2
757 4683 781 4732 p.
794 4666 845 4720 226
856 4683 886 4718 .n.
905 4665 979 4720 2052.
