3344 5376
636 480 868 544 -167-

729 667 778 732 15.
1147 703 1150 710 ι

230 783 342 847 Zenob.
360 781 395 860 V,
419 781 460 846 82
483 780 632 864 (pardem.
655 797 700 860 gr.
724 777 772 844 ad.
796 776 965 842 Lautachl
987 797 1016 859 p.
1035 777 1124 860 153):

225 889 406 976 Ῥαμνουσία
423 891 568 976 Νέμεσις·
588 891 621 954 ἐν
632 887 805 975 Ῥαμνοῦντι
821 889 987 975 Νεμέσεως
1001 888 1121 975 ἵδρυται
1137 887 1258 974 ἄγαλμα
1274 887 1362 953 δεκά-

133 1013 242 1091 πηχυ,
272 1000 412 1066 ῦλάλιδον
435 1001 527 1090 ζογον
551 999 689 1078 Φειδίου,
720 999 781 1090 ἔχει
804 1000 839 1064 δέ
861 999 895 1063 έν
917 997 959 1088 τῇ
975 1002 1058 1090 γειρί
1084 999 1205 1088 μηλέας
1232 999 1362 1064 κλάδον·

144 1113 182 1187 ἐξ
208 1111 244 1178 οῦ
272 1137 365 1201 φησιν
388 1109 553 1197 Ἀντίγονος
580 1116 597 1176 d
625 1113 799 1202 Καρύστιος
828 1112 949 1202 πτῦγιίιν
977 1137 1004 1177 τι
1030 1114 1140 1199 μικρὸν
1170 1110 1363 1202 ἐξηρτῆσθαι

146 1227 201 1313 τὴν
223 1223 396 1313 ἐπιγραφὴν
418 1223 505 1314 ἔχον·
521 1221 800 1311 Ἀγοράκριτος
821 1219 972 1310 Πάριος
992 1223 1183 1312 ἐποίησεν
1467 1305 1469 1310 Ι

229 1332 443 1422 Ἀγορακρίτου
465 1335 583 1421 Παρίου
605 1337 651 1402 Js.
667 1337 810 1401 thatzea
833 1337 922 1417 epist„
941 1338 989 1411 11,
1011 1355 1104 1419 quam
1127 1355 1163 1402 ex
1179 1335 1247 1402 cod.
1264 1336 1361 1401 Paris.

143 1445 229 1512 2565
253 1447 351 1513 edidit
372 1446 562 1530 Bernhardy.
585 1448 616 1512 in
639 1446 754 1513 Suidae
776 1452 849 1513 tom.
867 1448 899 1513 11
919 1466 948 1512 v.
971 1445 1145 1531 Λυκόφρων
1166 1464 1197 1528 p.
1213 1447 1274 1511 642
1293 1465 1339 1528 aq.

231 1555 269 1623 cf.
293 1555 380 1623 Suid.
405 1563 438 1624 et
458 1557 548 1624 Phot.
571 1576 599 1622 v.
617 1553 797 1641 Ῥαμνουσία
821 1557 959 1642 Νέμεσις.

724 1766 773 1828 16.

231 1883 365 1950 Pausan.
381 1884 422 1963 ΙΙ,
445 1884 495 1963 27,
517 1884 552 1949 2:
575 1883 751 1967 (Epidauri)

231 1997 283 2056 τοῦ
306 1993 342 2058 δὲ
352 1990 526 2082 Ἀσκληπιοῦ
550 1997 583 2058 τὸ
605 1993 727 2078 ἄγαλμα
744 1993 873 2078 ρεγέδει
891 1996 949 2080 μέν
964 2000 1017 2060 τοῦ
1027 1992 1189 2085 Ἀθήνησιν
1198 1992 1360 2081 ’θλυμιιίου

142 2104 216 2174 Διὸς
237 2105 328 2192 ἥμισυ
352 2105 480 2182 ἀποδεῖ,
496 2105 655 2194 πεποίηται
677 2105 713 2169 δέ
730 2105 899 2192 ἐλέφαντος
913 2108 961 2170 καί
969 2110 1106 2195 χρυσοῦ·
1126 2106 1235 2196 μηνῦει
1249 2106 1285 2171 δέ
1300 2106 1358 2172 ἐπί-

143 2239 275 2302 γραμμα
289 2216 341 2281 τὸν
358 2216 560 2303 ιλργασμένσν
575 2218 650 2282 εἶναι
673 2217 934 2308 Θρασυμήδην
952 2217 1182 2306 Ἀριγνώτου
1204 2217 1358 2306 Πάριον.

724 2427 773 2489 17.

227 2533 372 2602 Euatath.
395 2537 434 2602 ad
459 2537 494 2602 ll.
518 2556 547 2621 p.
566 2538 657 2619 1353,
680 2539 716 2603 8:

142 2735 144 2738 Ι
221 2641 335 2735 Ἑρμῆς
363 2648 594 2735 τετρακέμαλσς
622 2647 655 2712 ἐν
684 2646 889 2735 Κεραμεικῷ,
929 2646 1152 2736 Τελεσσργίδσυ
1185 2645 1296 2734 έργον,
1330 2643 1360 2733 d

138 2756 362 2844 ἐπεγέγραπτο·
488 2767 489 2771 ’

302 2866 397 2959 Ἑρμῆ
421 2875 642 2962 τειρακάρηνε,
666 2875 757 2938 καλὸν
785 2869 1072 2961 Τελεσαργίδου
1092 2868 1196 2957 ἔργον,

308 3005 522 3084 τάνδ’δράας.

225 3179 358 3282 Ιζαιιεαυ.
374 3179 427 3259 VI,
451 3179 480 3259 3,
506 3183 539 3244 1:
725 3096 773 3161 18⁶

226 3291 344 3379 Χαιρέᾳ
367 3292 402 3355 δὲ
421 3291 579 3378 Σικυωνίῳ
602 3292 697 3380 πῦκτη
721 3293 804 3356 παιδὶ
826 3293 1005 3379 ἐπίγραμμά
1026 3291 1118 3368 ἐστιν,
1143 3293 1189 3366 ὡς
1211 3293 1359 3380 νικήσειεν

136 3400 253 3490 ἡλικίαν
276 3401 345 3474 νέος
367 3405 413 3467 καί
436 3405 481 3474 ὡς
502 3403 621 3490 πατρός
642 3403 690 3492 εἴη
713 3405 919 3491 Χαιρήμονος.
946 3404 1117 3490 γέγραπται
1138 3402 1174 3467 δέ
1196 3403 1243 3466 καί
1267 3404 1284 3466 ὁ
1307 3403 1358 3466 τὸν

138 3513 308 3600 ἀνδριάντα
331 3513 534 3601 εἰργασμένος
550 3512 760 3602 Ἀστερίων
783 3516 981 3606 Αίσγῦλου.

723 3735 773 3799 19.
821 3739 822 3742 ’

223 3841 356 3909 Pausan.
373 3844 442 3924 VII,
466 3843 517 3924 23,
540 3847 573 3909 7:
598 3844 701 3928 (Aegii
723 3844 756 3910 in
778 3843 913 3910 Achaiae
936 3841 1063 3926 oppido)

226 3953 452 4040 ...ἀγάλματα
469 3950 598 4038 Ὑγιείας
618 3957 666 4018 καί
684 3951 869 4042 Ἀσκληπιοῦ·
891 3955 1031 4039 ἰαμβεῖον
1053 3953 1088 4016 δὲ
1110 3953 1158 4017 aad
1175 3951 1225 4039 τῷ
1237 3950 1356 4038 βάδρῳ

141 4065 196 4130 τὸν
222 4057 699 4154 ΠεσσὴνιονΔαμοφιῦντα
722 4067 798 4132 εἶναι
821 4065 1097 4160 τὸν-εἰργασμένον
1119 4064 1222 4152 φησίν.
1267 4099 1270 4104 -

221 4346 395 4428 Pausan.1‚
419 4349 448 4430 2,
471 4351 506 4414 4:
721 4265 772 4330 20⁹

221 4501 321 4510 —--
345 4459 419 4531 ναῦς
442 4461 505 4525 ἐστι
520 4462 692 4553 Δημητρος,
716 4463 878 4547 ἀγάλματα
900 4461 936 4524 δὲ
958 4460 1034 4548 αῦτη
1051 4483 1084 4525 τε
1106 4461 1154 4523 καὶ
1175 4461 1195 4547 η
1218 4460 1289 4528 παῖς
1308 4462 1356 4521 καὶ

128 4575 221 4666 δᾷδα
244 4573 323 4664 έγοιν
341 4571 469 4664 Ἴακχος·
498 4575 666 4661 γέγραπται
688 4574 724 4637 δὲ
747 4573 794 4638 dui
822 4581 869 4660 τῷ
897 4572 988 4662 τοίχῳ
1018 4573 1198 4658 γράμμασιν
1216 4565 1356 4639 Ἀττικοῖς

127 4688 213 4778 ἔργα
236 4685 311 4751 εἶναι
333 4686 616 4773 Πραξιτέλους.
