3344 5376
670 437 901 501 -143-

746 628 796 691 16.
1398 626 1460 690 190

250 733 368 799 Romae
396 732 429 799 in
450 733 603 800 Aventino
632 737 737 801 urente
759 733 874 801 Bacchi
901 737 1007 800 statua
1032 735 1157 815 reperta
1185 732 1269 811 erat,
1298 746 1380 812 quae

160 843 279 910 iterum
301 846 444 930 evanuit3
465 845 498 912 in
520 845 579 913 hae
600 847 668 930 ipsa
689 853 726 914 ut
747 848 886 914 videtur:

324 956 456 1023 Fecerat
476 955 633 1023 Eulrannr
654 957 810 1025 Bacchum
832 976 924 1040 quern
946 957 1054 1024 Gallus
1075 955 1218 1036 honorat,

432 1067 585 1135 fastorum
607 1069 714 1136 annsul
736 1070 881 1150 carmine,
904 1074 983 1146 ture,
1005 1086 1108 1150 prece.

160 1178 288 1248 Gallum
310 1198 381 1246 eurn
403 1199 472 1248 esse
494 1181 633 1262 credunt,
656 1183 709 1264 qui
732 1182 839 1250 aonsul
860 1181 919 1248 fuit
941 1200 968 1248 a.
986 1181 1048 1245 298
1070 1200 1100 1264 p.
1124 1177 1197 1245 Chr.

747 1321 796 1385 ηυγ.
1399 1294 1456 1356 191

249 1401 369 1467 Romae
396 1404 552 1488 quondam
583 1412 675 1488 „aute
699 1406 830 1490 januarn
851 1406 961 1473 domus
984 1405 1070 1473 Alex.
1094 1402 1263 1470 Crescentii
1288 1403 1380 1485 Juxta

159 1513 201 1578 D.
225 1513 362 1582 Marei‘:
621 1537 698 1600 opus
720 1518 893 1602 Bryaxidis.

247 1645 306 1708 „ex
327 1626 380 1694 lib.
403 1646 493 1694 mser.
518 1629 637 1696 Vatie.“

271 1825 403 1891 INDEX
424 1825 637 1907 NOMINUM,
660 1827 774 1907 QUAE
796 1827 890 1894 NUM
912 1823 1144 1893 Auulrlcull
1167 1825 1272 1908 SINT,

574 1940 777 2007 DUBITARI
798 1939 966 2006 POTEST.

386 2076 534 2160 (Nomina
555 2077 731 2146 litterarum
753 2079 861 2148 ordine
883 2031 1043 2162 disposita*
1057 2078 1154 2161 sunt)

756 2237 783 2298 1.

225 2330 366 2397 Ἀλεοῖο
388 2335 428 2401 ad
451 2341 635 2404 conventum
658 2336 904 2420 capucinnrum:

307 2439 409 2534 Ἑστίᾳ
431 2449 479 2512 καὶ
497 2444 657 2513 Ἀπόλλωνι
679 2451 727 2513 καὶ
750 2447 836 2520 θεοῖς
856 2447 1032 2531 Σεβαοτοῖς
1053 2449 1101 2512 καὶ
1123 2455 1162 2536 τῇ

312 2557 415 2646 βουλῇ
438 2567 476 2648 τῇ
498 2559 536 2634 ἐξ
553 2555 666 2647 Ἀρείου
691 2562 789 2645 πάγου
812 2562 860 2625 καὶ
882 2569 920 2650 τῇ
940 2561 1044 2648 βουλῇ
1067 2563 1128 2624 τῶν
1150 2559 1219 2632 ἑξο-

314 2669 424 2733 κοσίιον
447 2672 563 2758 καὶτῷ
585 2672 676 2761 δήμῳ
701 2670 867 2746 Φιλόξενος
885 2668 1106 2758 Ἀγαθοκλέους

313 2777 430 2852 Φλυεὺς
452 2779 605 2870 ἀνέθηκεν
627 2783 662 2846 ἐκ
683 2787 744 2847 τῶν
767 2782 850 2846 ἰδίων
874 2784 1120 2870 ποιησαντος

313 2895 375 2957 τοῦ
398 2896 541 2980 πατρὸς
557 2889 827 2977 Ἀγαθοκλέους
849 2896 903 2958 τοῦ
926 2892 1091 2968 Φιλοξένου
1116 2893 1244 2965 Φλυέως

312 3008 558 3093 στρατηγοῦντος
579 3005 628 3070 ἐπὶ
650 3005 722 3076 τοὺς
744 3005 883 3076 ὁπλείτας
912 3006 950 3070 Tr.
973 3005 1069 3070 Κλαυ·

313 3114 379 3180 δίου
403 3116 576 3208 θεαγένοος
597 3115 770 3189 Παιανιέως
791 3118 839 3181 καὶ
861 3116 1042 3208 έπιμελητοῢ

314 3232 368 3317 τῆς
390 3229 511 3300 πόλεως
532 3231 599 3314 (τοῦ
622 3229 722 3315 δεῖνα)
751 3230 960 3317 Τρικορυσλου.

160 3338 352 3424 Stephanus
375 3341 499 3424 quidem
521 3342 726 3427 Agathoclem
748 3361 827 3427 opus
855 3342 1034 3412 faciundum
1062 3345 1220 3415 curavisse
1247 3347 1377 3430 censuit,

158 3451 281 3534 merito,
302 3457 339 3519 ut
359 3452 493 3520 videtur.

251 3639 392 3706 Venetiae
413 3648 592 3710 asservatur
618 3662 696 3726 opus
724 3542 949 3730 an2aglyphum,
979 3646 1012 3712 in
1041 3666 1103 3731 qun
1125 3647 1276 3715 Hercules
1306 3667 1375 3715 eum
1395 3559 1506 3730 (193)

157 3754 248 3820 clara
269 3753 369 3821 libans
391 3754 520 3821 dextera
542 3754 574 3819 in
595 3773 660 3836 ara,
682 3755 715 3821 in
737 3773 800 3838 qua
820 3754 960 3826 flamma:

500 3861 648 3952 Ἀρτεμᾶς
669 3866 843 3956 Δημητρίου
865 3868 1031 3958 Μειληοιος

146 3971 300 4064 'Antenor
314 3978 521 4046 valentinelli.
560 3979 737 4047 Boeekhius
754 3980 866 4048 tribuit
879 3981 1006 4048 Atticae
1026 3980 1064 4048 al.
1079 3982 1120 4049 ad
1136 3980 1170 4048 G.
1187 3983 1212 4048 Ι.
1229 3983 1245 4050 1
1259 4001 1289 4049 n.
1302 3983 1374 4048 692.

161 4093 365 4110 -η-ὰ-ι-

226 4152 266 4206 le
282 4149 423 4203 D'Orvilla:
447 4149 537 4203 Sicula
558 4168 583 4219 p.
602 4151 653 4208 595
677 4169 702 4204 n·
720 4151 763 4208 87.
802 4151 835 4210 B„
859 4153 980 4208 Roohette
1002 4154 1077 4208 lettre
1100 4173 1125 4224 p.
1143 4155 1201 4211 309.
1244 4156 1341 4208 Brnnn.
1363 4155 1375 4206 1

226 4327 265 4382 1‘1.
283 4236 519 4387 θυθτλδοθολλῗθδ.
555 4323 675 4380 Brnnn.1
692 4343 718 4393 p.
729 4324 789 4382 385.

242 4414 266 4466 l.
283 4411 313 4462 0.
330 4410 350 4462 L
368 4410 430 4480 gni
447 4429 471 4466 n.
484 4411 537 4468 480
554 4412 586 4463 uf.
606 4411 729 4479 Stephani
746 4429 811 4464 mus.
829 4411 900 4466 rhen.
918 4429 941 4464 n.
959 4429 980 4466 s.
998 4420 1056 4466 tom.
1069 4413 1105 4466 IV
1122 4432 1149 4482 p·
1161 4415 1202 4470 37.

242 4499 266 4553 2.
283 4498 310 4552 0.
329 4499 348 4550 Ι.
366 4515 391 4550 n.
404 4499 461 4556 694.
484 4498 661 4552 valentinelli:
680 4497 795 4568 catalogo
813 4499 854 4552 dei
871 4501 960 4552 mermi
978 4499 1078 4568 seolpiti
1096 4507 1142 4554 ete.
1163 4499 1231 4553 dalla
1242 4499 1375 4553 Mardara.

282 4583 372 4638 Venet.
385 4585 451 4640 1863
469 4602 494 4653 p.
508 4585 566 4648 121,
585 4601 659 4653 quam
676 4583 769 4638 librum
786 4584 910 4654 hrpieere
922 4585 986 4638 milri
997 4585 1137 4640 naulieuit
1168 4585 1263 4642 Brunn.
1275 4587 1296 4651 1,
1316 4588 1375 4644 607.

282 4669 371 4726 Orarlr.
389 4669 442 4736 ΒΩ.
453 4671 529 4728 2282.
