3330 5378
825 437 1038 502 ...62-

324 625 404 714 ναίᾳ,
427 625 481 693 ubi
503 625 597 690 etiam
619 627 695 690 nota
716 622 867 692 artificem
891 643 1008 692 senon
1032 644 1069 692 ex
1091 625 1182 692 demo
1204 626 1437 709 denominasse,
1459 629 1546 711 qnod

323 738 469 804 usitatius
491 735 534 820 (p.
551 735 616 820 43).
661 736 766 803 Etiam
788 755 899 803 remus
921 737 974 803 illo
1001 741 1142 820 tempore
1169 737 1200 802 iu
1229 756 1290 805 usn
1318 740 1472 807 mansisse
1501 741 1548 806 vi·

323 848 539 932 dimusp.17‚
563 848 618 914 sed
640 847 673 913 hi
695 867 819 931 quoque
842 849 970 914 summis
993 853 1116 916 tantum
1137 850 1284 932 operibus
1299 851 1443 936 inscripti
1459 857 1546 918 sunt

322 961 432 1044 Neque
454 959 559 1027 omnia
580 960 719 1028 omnium
740 978 889 1041 generum
913 957 1046 1027 artificia
1060 966 1224 1028 auctorum
1238 963 1417 1029 nominibus
1432 967 1548 1030 ornata

324 1078 407 1153 sunt,
430 1072 487 1140 sed
508 1076 633 1139 statuae
655 1071 766 1151 solum,
788 1088 919 1154 quarum
938 1071 972 1137 in
992 1071 1157 1139 basibus
1177 1073 1348 1140 minoribus
1363 1073 1489 1157 litteris,
1510 1078 1549 1140 nt

322 1184 426 1266 decet,
457 1184 566 1268 scripti
588 1188 621 1250 et
643 1183 721 1250 satis
743 1201 856 1266 magno
879 1182 1084 1251 intervallos
1110 1165 1222 1251 votivis
1251 1183 1352 1251 titulis
1381 1185 1547 1262 distantes,

320 1294 475 1362 artificum
497 1294 581 1362 tituli
602 1294 814 1375 inveniuntur,
837 1294 892 1378 qui
913 1313 990 1361 usus
1007 1300 1040 1361 et
1053 1297 1228 1379 posteriore
1242 1302 1383 1380 tempore
1398 1303 1432 1364 et
1446 1297 1547 1364 omni·

322 1407 381 1474 bus
403 1409 435 1474 in
457 1407 637 1490 regionibus
660 1406 796 1474 obtinuit
817 1407 872 1487 ita,
894 1411 931 1472 ut
953 1425 989 1473 er
1013 1424 1049 1472 eo
1072 1406 1223 1474 artificem
1239 1405 1424 1492 inscriptum
1438 1409 1546 1492 possis

320 1536 515 1603 cognoscere.
562 1517 693 1585 Athenis
723 1523 828 1584 antem
859 1535 930 1584 cum
959 1518 1072 1584 summi
1100 1518 1235 1587 artifices
1264 1519 1413 1602 inissent,
1443 1522 1548 1589 incre-

321 1632 458 1698 buerunt
480 1635 512 1697 et
533 1630 752 1713 inscriptiones
774 1635 807 1696 et
826 1634 933 1713 patres
961 1628 1103 1713 inscripti
1131 1635 1163 1697 et
1191 1631 1354 1713 demotici3
1383 1637 1416 1699 et
1443 1631 1547 1700 medi-

310 1760 409 1809 oeres
431 1739 567 1808 artifices
588 1741 766 1808 nominibus
788 1741 946 1824 inscriptis
969 1759 1044 1808 sane
1065 1742 1163 1808 multo
1195 1743 1346 1827 majorem
1374 1745 1548 1812 memoriae

321 1872 408 1938 spem
429 1853 617 1931 habuerunt,
641 1871 812 1936 eorumque
832 1853 1051 1936 inscriptiones
1073 1872 1093 1919 a
1115 1855 1320 1939 scriptoribus
1342 1855 1396 1939 qui
1419 1856 1459 1923 de
1474 1863 1549 1923 arte

319 1966 456 2050 agebant
478 1984 539 2033 non
562 1979 631 2031 esse
652 1961 812 2048 neglectas
834 1963 1040 2032 intelleximus
1064 1966 1107 2048 (p.
1123 1965 1164 2031 36
1187 1983 1254 2048 sqq.
1276 1965 1369 2050 nott)

404 2102 597 2170 Rhodiorum
619 2107 725 2170 autem
748 2101 902 2169 artificum
924 2104 1002 2169 satis
1023 2103 1114 2170 multi
1134 2109 1257 2187 patres,
1286 2121 1394 2170 omnes
1420 2105 1548 2186 patrias

319 2217 466 2301 operibus
488 2216 691 2300 inscripsere;
714 2215 828 2298 quibus
850 2229 888 2280 ex
909 2214 1164 2297 inscriptionibus
1187 2221 1219 2282 et
1241 2221 1342 2282 artem
1358 2235 1378 2282 a
1392 2217 1546 2298 gentibus

318 2328 403 2395 haud
424 2347 497 2396 raro
520 2331 725 2412 propagatam
747 2331 779 2392 et
801 2345 821 2392 a
841 2326 1004 2410 republica
1024 2327 1209 2394 honoratum
1231 2345 1300 2394 esse
1323 2327 1388 2412 (66,
1410 2328 1462 2409 71,
1476 2329 1547 2412 ,74)

319 2441 431 2509 elucet
476 2440 698 2524 Inscriptiones
720 2456 828 2506 omnes
849 2436 915 2505 iere
936 2439 1046 2505 eadem
1073 2438 1173 2505 forma
1200 2444 1275 2506 sunt
1302 2439 1366 2522 ita,
1394 2443 1431 2505 ut
1459 2441 1548 2524 aspi·

318 2552 412 2619 aienti
433 2556 594 2618 moveatur
616 2550 761 2635 suspicio,
783 2549 828 2616 ibi
851 2554 952 2616 artem
974 2551 1065 2634 quasi
1087 2552 1247 2636 negotium
1268 2551 1410 2618 amultis
1425 2551 1549 2618 medio·

319 2664 424 2731 oribus
446 2660 619 2730 artificibus
642 2680 712 2729 esse
735 2661 917 2742 exercitam3
939 2681 1072 2746 quorum
1092 2682 1203 2730 revera
1218 2664 1366 2746 perpauci
1380 2669 1548 2730 tantuma

320 2775 525 2857 scriptoribus
546 2775 628 2841 inter
643 2772 780 2840 artifices
794 2773 979 2856 insigniores
994 2774 1085 2840 relati
1100 2773 1403 2860 videnturwhares,
1426 2774 1548 2858 Pytho-

320 2886 418 2952 critus
440 2885 532 2970 (Plin.
547 2885 691 2966 XXXIV,
708 2886 762 2970 91)
785 2885 981 2952 aristonidas
998 2885 1155 2970 (XXXIV,
1173 2886 1247 2971 140)
1270 2893 1334 2953 tres
1351 2884 1548 2952 Laocoontis

317 3002 461 3065 auctores
484 2997 641 3082 (XXXVI,
665 2997 742 3083 37)].

401 3136 522 3203 Deinde
543 3155 613 3204 cum
635 3142 720 3203 artes
742 3137 874 3203 Romam
894 3135 1132 3218 migravissent,
1159 3155 1265 3203 omnes
1287 3135 1353 3201 iere
1381 3133 1544 3204 artificum

317 3245 535 3340 inscriptiones
562 3247 766 3314 disertissime
796 3246 986 3330 compositae
1015 3252 1089 3313 sunt
1120 3246 1322 3331 (quamquam
1351 3243 1390 3311 ci.
1417 3266 1449 3329 p.
1474 3249 1545 3331 41),

318 3358 401 3441 quod
424 3357 579 3425 artificum
602 3360 722 3425 animos
744 3359 822 3424 satis
845 3375 941 3424 vanos
963 3357 1116 3436 indicat¹;
1144 3363 1285 3424 mutatus
1315 3362 1364 3424 est
1391 3364 1424 3424 et
1452 3358 1545 3426 locus

317 3469 542 3553 inscriptionis:
574 3469 809 3554 antiquissimus
832 3469 913 3536 enim
936 3487 1003 3534 mos
1034 3467 1115 3552 (syll.
1139 3487 1169 3534 n.
1186 3468 1219 3552 2)
1251 3469 1399 3550 recurrit,
1428 3468 1476 3535 ita
1506 3477 1546 3538 ut

318 3580 350 3646 in
371 3581 501 3664 plinthis
523 3586 557 3648 et
577 3583 692 3647 statuis
712 3579 791 3664 ipsis
812 3585 975 3649 auctorum
998 3580 1124 3645 nomina
1149 3580 1402 3647 inscriberentur.
1448 3581 1545 3661 Quod

312 3710 356 3779 ,ne
378 3709 477 3774 aequo
500 3693 592 3759 nimis
614 3691 768 3760 artificum
794 3692 961 3777 superbiae
988 3698 1021 3759 et
1049 3691 1393 3775 arrogantiaecrimini
1421 3699 1543 3776 vertas,

319 3806 398 3872 artis
421 3804 558 3872 conditio
580 3811 650 3872 erat
676 3811 815 3872 mutata:
846 3823 918 3870 narn
946 3801 1097 3885 artificia,
1127 3821 1197 3870 oum
1226 3803 1258 3869 in
1281 3803 1414 3871 Graecia
1442 3806 1544 3872 nrbes

317 3922 467 3983 ornarent
489 3935 612 4001 semper
633 3936 781 3984 mansura
802 3917 835 3983 in
856 3917 966 3983 iisdem
988 3914 1125 3996 basibus,
1148 3915 1328 3982 aRomanis
1346 3915 1377 3980 in
1392 3913 1544 3983 uillarum

317 4026 411 4095 exilia
431 4026 524 4112 pulsa
545 4028 671 4114 saepius
693 4034 779 4096 certe
799 4028 875 4095 locis
897 4031 984 4095 mota
1004 4032 1095 4106 sunt;
1124 4025 1279 4094 artificum
1306 4033 1413 4094 autem
1440 4028 1544 4096 inter-

318 4201 520 4212 *-

384 4305 433 4358 ¹r.
451 4320 476 4372 p.
488 4303 537 4365 45,
555 4302 600 4355 nbi
617 4301 806 4367 adnotavimus,
830 4301 938 4354 ethnicis
957 4303 1065 4354 Graecos
1082 4300 1191 4353 artifices
1207 4301 1304 4353 Rornae
1322 4299 1382 4353 artis
1405 4315 1542 4357 commen-
1563 4291 1567 4296 '¹

318 4389 418 4442 madae
434 4405 511 4441 unsa
528 4404 589 4440 nsos
607 4403 676 4449 cssa;
702 4388 767 4440 adde
791 4388 861 4454 qnod
877 4387 984 4438 Romani
1005 4387 1112 4438 artifices
1135 4401 1192 4438 cnm
1215 4387 1341 4438 nrissime
1364 4393 1418 4438 tum
1445 4391 1543 4444 antula

316 4474 454 4528 honorariis
477 4490 607 4544 nunquam
630 4473 734 4525 nomina
755 4473 952 4541 inscripseruntr
980 4474 1112 4542 egregium
1136 4487 1200 4524 asna
1225 4471 1397 4524 testimonium
1424 4479 1452 4526 et
1479 4474 1544 4529 illas

315 4569 412 4614 statum
431 4561 505 4628 qnasi
522 4577 617 4613 merces
635 4567 715 4612 emtas
732 4567 759 4614 ot
776 4561 891 4614 venditas
910 4575 967 4612 esse
984 4567 1009 4612 et
1032 4558 1193 4610 domesticam
1217 4565 1295 4612 artem
1318 4557 1386 4626 apud
1404 4557 1544 4615 Romanos

315 4647 441 4700 humilem
459 4645 546 4710 irim,
564 4645 721 4715 peregrinam
737 4647 813 4698 unice
829 4662 886 4698 osse
904 4643 1071 4699 antimum.
1138 4637 1146 4656 ⁵
