3330 5378
610 1515 777 1594 CAPUT
802 1515 851 1594 Π.

295 1777 298 1782 ,
697 1725 715 1810 ς
740 1727 767 1789 1.

268 1886 327 1977 DE
355 1885 731 1980 INSCRIPTIONIBUS
759 1886 990 1981 UNIVIRSIS
1018 1885 1194 1981 sunus

216 2097 456 2181 inscriptionum
478 2097 633 2167 artificum
655 2117 747 2168 causa
768 2117 807 2167 aa
827 2098 898 2176 ituit,
919 2104 956 2166 ut
977 2099 1101 2182 diserte,
1126 2099 1196 2182 quis
1217 2097 1342 2167 fecisset

124 2225 212 2292 opus,
228 2208 425 2276 indiceretur.
453 2211 490 2276 In
501 2210 539 2276 iis
553 2216 668 2289 autem,
684 2215 801 2293 quanto
815 2216 927 2294 regnet
938 2211 1073 2278 venicus
1087 2214 1121 2279 et
1134 2210 1195 2293 ipsi
1208 2209 1341 2278 diximus

122 2321 167 2404 (p.
185 2319 217 2404 1)
240 2326 274 2390 et
294 2342 332 2389 ex
354 2323 490 2391 collectis
513 2324 613 2391 titulis
627 2324 771 2408 cognosci
785 2327 904 2407 potest;
926 2327 1138 2392 verumtamen
1153 2338 1342 2405 qumquam

121 2429 255 2498 aliorum
277 2433 432 2501 artificum
455 2433 535 2502 aline
557 2435 685 2502 fuerunt
705 2433 942 2518 inscriptionum
966 2434 1093 2512 formae,
1115 2433 1341 2501 innuente

122 2545 257 2612 nendum
279 2547 411 2630 videtur,
434 2548 568 2616 eundem
590 2546 740 2615 artificem
764 2546 874 2614 eadem
896 2546 1099 2630 inscriptione
1120 2545 1168 2612 uti
1187 2563 1256 2614 assa
1270 2544 1342 2612 soii-

122 2660 199 2722 tum.
238 2647 298 2738 Qui
319 2677 406 2736 usus,
426 2677 521 2742 quam
542 2660 605 2727 late
627 2659 776 2744 patuerit,
800 2663 837 2726 ut
851 2657 1029 2726 accuratius
1045 2655 1211 2741 intelligas,
1233 2657 1343 2740 aspice·

120 2766 220 2852 hunc,
243 2789 335 2853 quem
356 2772 561 2854 praebemus,
583 2771 745 2838 titulorum
768 2767 923 2836 artificum
946 2769 1096 2846 indicem,
1118 2785 1249 2853 quornm
1269 2767 1341 2852 plus

121 2898 203 2946 nnus
225 2880 290 2948 foto
312 2881 437 2950 favente
460 2886 597 2951 aetaoem
619 2882 705 2949 tulit:

209 2995 237 3056 1.
260 2993 307 3078 (6)
330 2991 422 3080 ἔργον
440 2989 667 3081 Ἀριστοκλέους
687 2993 754 3077 (8⁸)
772 2988 964 3081 Ἀριστοκλῆς
985 2989 1127 3080 ἐπόησεν.

207 3105 237 3168 2.
261 3105 329 3188 (16)
352 3104 510 3193 Κρησίλας
530 3104 664 3193 ἐπόησεν
680 3105 772 3190 (16⁸).
806 3101 962 3192 Κρησίλας
983 3100 1117 3191 ἐπόησεν
1131 3100 1339 3170 Κυδωνιότας.

121 3216 195 3299 (scr.
219 3215 273 3299 14)
296 3215 497 3289 Κοδιονιάτας
517 3217 673 3306 Κρησίλας
694 3217 870 3304 είρηόξατο,
892 3215 947 3285 sed
969 3215 1019 3282 hic
1041 3233 1151 3284 versus
1173 3220 1229 3284 est.

159 3385 163 3392 .
207 3328 237 3392 3.
261 3327 325 3412 (31,
348 3327 444 3422 arb.)
466 3327 640 3418 Λεωχάρης
660 3327 802 3418 ἐπόησεν.

207 3439 237 3503 4.
261 3439 329 3522 (32)
353 3437 483 3510 iocoue<
504 3437 637 3528 ἐπόησεν
658 3477 701 3488 -
723 3437 854 3510 Σόέννις
874 3437 987 3514 ἐποίει,
1015 3437 1099 3522 quod
1120 3455 1182 3505 non
1204 3437 1244 3506 ab
1266 3437 1341 3504 urti-

121 3548 180 3618 ficc
201 3549 269 3634 ipso
290 3550 474 3634 inscriptum
498 3568 567 3618 esse
588 3551 706 3618 Brunn.
729 3556 815 3619 recta
836 3551 957 3618 monuit
984 3567 1063 3618 mus.
1086 3550 1145 3615 Rh.
1176 3567 1207 3616 n.
1234 3567 1294 3616 ser.
1317 3553 1339 3614 t.
1475 3597 1477 3600 -

122 3661 201 3728 VIII
222 3679 253 3743 p.
269 3660 341 3727 235.

208 3775 237 3839 5.
260 3775 324 3859 (35,
348 3776 388 3841 35
396 3775 440 3859 b.)
460 3773 679 3863 Κηφισόδοτος
697 3772 848 3864 Τίμαρχος
867 3771 1015 3862 ἐποίησαν
1037 3773 1110 3840 350.
1126 3769 1342 3859 Κηφισόδοτος

126 3883 278 3974 Τίμαρχος
291 3882 444 3975 Ἀδηναῖοι
464 3885 612 3976 ἐποίησαν
632 3887 672 3952 35
679 3905 707 3953 a.
724 3883 940 3975 Κηφισόδοτος
958 3883 1109 3973 Τίμαρχος
1120 3879 1270 3969 Ἐρεσίδαι
1284 3883 1340 3950 sed

122 3995 199 4065 hacc
220 4002 269 4064 cst
290 3998 500 4066 dedicantium
522 3998 626 4082 potius
649 4016 743 4083 quam
766 3995 921 4065 artificum
942 3995 1111 4079 inscriptio.

206 4110 235 4174 6.
259 4110 324 4194 (44,
346 4110 426 4193 444)
450 4109 621 4200 Νικόμαχος
642 4107 785 4198 ἐπόησεν.

207 4221 236 4285 7.
259 4221 325 4305 (47,
347 4220 379 4304 a)
403 4220 515 4286 Μαίων
539 4217 738 4303 Ποδοχένοος
756 4218 909 4308 ἐποίησεν.

206 4331 235 4396 8.
259 4331 325 4415 (53,
347 4350 375 4412 u,
397 4332 442 4416 b.)
465 4329 677 4421 Καικοσδένης
697 4331 851 4420 ἐποίησεν.

205 4446 234 4508 9.
258 4444 326 4529 (64)
350 4444 498 4536 Μαχάτας
519 4445 625 4534 τόησει
639 4446 694 4530 (64
703 4433 736 4529 α’)
759 4443 907 4534 Μαχάτας
927 4442 1051 4532 ἐπόησε.

207 4554 256 4620 10.
280 4556 345 4639 (65,
368 4556 401 4639 a)
424 4555 612 4642 Μνασίτιμος
637 4554 812 4626 Τελέσωνος
827 4551 944 4625 Ῥόδιος
964 4555 1099 4643 ἐποίησε.

208 4669 256 4733 11.
280 4667 345 4750 (66,
366 4668 401 4750 α)
426 4666 510 4731 θέων
529 4664 694 4756 Ἀντιοχεός
715 4662 744 4752 ᾦ
767 4667 787 4728 ό
809 4665 953 4750 ἐπιδαμία
976 4665 1110 4744 δίδοται,
1133 4664 1267 4754 ἐποίησε.
