3330 5378
815 455 1027 520 -25-

311 663 408 727 quare
432 646 540 714 titulos
562 647 619 712 151
644 651 678 714 et
694 647 764 728 157,
787 663 977 728 quamquam
998 649 1084 713 certo
1107 645 1256 727 temporis
1278 644 1394 713 indicio
1418 652 1534 725 carent,

311 761 418 824 nostro
438 757 510 839 jnre
531 758 573 824 ad
595 757 799 826 recentiorem
821 761 959 824 aetatem
980 775 1145 826 revocasse
1168 756 1258 825 nobis
1279 756 1431 824 videmur.

398 867 499 934 Multo
521 869 646 950 saepius
667 866 858 952 imperfectis
881 868 931 936 usi
953 875 1029 936 sunt
1050 868 1202 951 attidem,
1229 886 1364 950 quorum
1390 867 1476 934 titud
1502 867 1534 932 in

312 979 404 1046 Italia
425 981 543 1062 reperti
566 983 682 1061 extent,
706 981 789 1064 quod
811 997 873 1062 quo
895 981 1054 1063 pertineat
1075 987 1112 1048 ut
1134 980 1248 1048 clarius
1271 979 1327 1047 liat
1348 979 1455 1062 aspice
1475 979 1533 1046 has

312 1089 465 1158 artificum
488 1092 706 1176 inscriptiones
727 1093 855 1160 aoristis
878 1092 1025 1177 insignes,
1047 1111 1129 1177 quae
1150 1093 1260 1162 Italiae
1283 1093 1450 1160 debentur:

416 1205 467 1268 96.
490 1202 667 1294 Κλεομένης
687 1203 926 1292 Ἀπολλοδώρου
947 1202 1117 1293 ’.Αθηναῒος

349 1317 350 1321 ’
417 1316 467 1379 91.
491 1313 668 1404 Κλεομένης
687 1314 881 1401 Κλεομένους
901 1313 1065 1404 Ἀθηναῖος

347 1450 348 1454 ’
418 1427 468 1492 98.
491 1426 696 1500 Ἀπολλώνιος
715 1426 838 1518 Ἀρχίου
860 1426 1026 1518 Ἀθηναῖος

397 1538 468 1616 105,
490 1558 518 1605 a.
542 1537 686 1605 Σολπίων
708 1537 873 1630 Ἀθηναῖος

399 1651 469 1729 136,
491 1670 519 1718 a.
544 1649 768 1740 Ἀθανόὸιυρος
789 1652 1003 1743 Ἀγησάνδμου
1020 1651 1137 1726 Ῥόδιος

397 1763 466 1829 137.
491 1813 622 1830 ......
639 1789 676 1836 ος
696 1764 911 1854 Ἀγηοάνδμου

397 1876 467 1941 145.
490 1875 657 1965 Ἀρχέλαος
677 1876 882 1943 Ἀπολλωνίου
905 1876 1030 1967 ἐποίησε
1051 1879 1213 1968 Πριηνεύς.

396 1989 496 2072 Magis
517 1995 624 2056 summ
645 1990 764 2056 usitata
784 1990 817 2057 in
839 1989 931 2058 Itali-a
952 1991 1135 2074 imperfecta
1156 1991 1263 2075 fuisse,
1286 2013 1323 2060 ex
1346 2012 1384 2062 eo
1406 2011 1530 2076 quoque

310 2100 420 2183 conjici
441 2105 560 2184 potest,
588 2101 673 2183 quod
694 2120 828 2186 quorum
850 2101 1005 2170 artificum
1036 2121 1133 2186 opera
1160 2105 1204 2171 ibi
1234 2105 1413 2173 nominibus
1441 2125 1530 2173 orna·

310 2217 430 2295 verunt,
451 2211 641 2294 imperfectis
662 2213 889 2298 inscripserunt
911 2212 992 2299 (syll.
1015 2234 1045 2282 n.
1064 2216 1124 2280 175
1148 2216 1240 2300 squ).

395 2324 458 2392 Sed
480 2321 531 2391 hic
553 2343 639 2407 usus,
662 2325 739 2409 quid
760 2326 820 2393 sibi
842 2326 918 2393 velit
939 2327 1133 2410 quaerimus:
1156 2329 1287 2395 veniunt
1308 2329 1433 2395 sanein
1448 2349 1531 2397 men-

309 2442 372 2505 tem
393 2436 478 2504 haud
499 2457 619 2521 paucae
640 2440 852 2521 conjecturae,
880 2458 962 2523 quae
983 2439 1024 2505 ad
1047 2440 1213 2508 discrimen
1242 2442 1417 2525 pertinent,
1448 2442 1531 2527 quod

309 2555 358 2616 est
378 2549 461 2616 inter
483 2550 672 2632 exemplaria
694 2556 726 2618 et
748 2551 927 2636 archetypa,
950 2552 1032 2619 inter
1054 2571 1151 2636 opera
1171 2571 1348 2620 marmorea
1369 2559 1403 2620 et
1417 2572 1531 2629 aenea:

308 2665 447 2728 attamen
468 2660 589 2730 idoneis
610 2662 714 2729 causis
735 2667 851 2730 carent.
896 2653 1128 2731 Meminerimus
1150 2671 1273 2741 autem,
1301 2664 1475 2748 scalptores
1499 2670 1532 2732 et

308 2792 501 2856 gemmarum
524 2777 557 2840 et
578 2793 775 2841 nummorum
797 2792 922 2858 semper
943 2793 1017 2842 usos
1039 2793 1108 2844 csse
1130 2776 1329 2860 imperfectis,
1351 2777 1438 2844 haud
1457 2796 1529 2844 raro

309 2885 403 2954 etiam
424 2901 569 2952 vasorum
591 2883 732 2953 fictilium
754 2885 890 2970 pictores
912 2892 944 2954 ct
966 2887 1168 2970 coniectores,
1190 2905 1317 2972 eosque,
1339 2889 1394 2970 qui
1410 2892 1467 2956 aut
1482 2908 1530 2956 re·

308 3009 412 3066 motac
432 2997 629 3079 antiquitatis
651 2999 787 3082 speciem
808 2997 1035 3067 affectaverunt
1055 3004 1111 3066 aut
1129 2997 1284 3068 inferioris
1298 3001 1412 3067 aetatis
1427 3006 1530 3068 artem

308 3115 417 3195 aperte
438 3111 537 3179 secuti
559 3110 661 3176 sunt¹.
711 3110 798 3190 Quae
825 3129 896 3177 cum
923 3111 970 3178 ita
999 3113 1063 3179 sint
1089 3110 1223 3180 fortasse
1249 3131 1311 3179 non
1341 3113 1527 3196 displicebit,

308 3223 398 3304 quod·
414 3223 610 3306 suspicamur
630 3221 726 3290 ctiam
748 3221 781 3288 in
809 3223 1033 3290 statuariorum
1060 3221 1315 3307 scriptorumque
1341 3225 1444 3292 titulis
1474 3225 1531 3292 im-

307 3333 439 3417 perfecti
462 3351 558 3411 usum¹
577 3352 646 3401 essa
667 3333 885 3421 archaismum
907 3341 944 3402 ut
963 3335 1023 3401 hoc
1046 3335 1141 3403 verbo
1163 3343 1250 3414 utam
1273 3337 1326 3419 qui
1349 3341 1444 3419 quam
1465 3337 1531 3403 late

305 3444 505 3530 potueritne
526 3446 663 3530 mneriS,
692 3464 820 3516 monere
841 3447 949 3529 liceat,
979 3466 1060 3530 quae
1089 3447 1129 3515 de
1157 3447 1272 3516 ethnici
1288 3445 1368 3517 ‘loco
1396 3449 1530 3518 'adnota-

306 3557 407 3626 vimus
429 3576 459 3640 p.
483 3557 534 3622 20.

391 3669 482 3738 Nune
504 3674 610 3738 autem
628 3670 754 3755 jnrabit
774 3671 867 3738 Plinii
889 3675 954 3740 net.
977 3670 1050 3739 hist.
1072 3671 1277 3757 praefationis
1300 3673 1318 3759 ᾗ
1341 3673 1382 3738 26
1407 3667 1532 3756 afferre,

166 3867 169 3872 Ι
306 3801 411 3867 equa
431 3782 484 3850 alii
506 3782 604 3850 totius
628 3782 848 3867 disputationis
869 3784 1029 3867 petierunt
1055 3783 1232 3861 exordium:
1259 3785 1315 3854 ubi
1343 3785 1397 3852 iile
1425 3805 1531 3872 repre-

306 3895 406 3963 hensa
427 3893 619 3962 Graecomm
640 3894 672 3961 in
694 3894 782 3962 libris
803 3894 1010 3963 inscribendis
1031 3894 1229 3964 immodestia
1250 3896 1328 3964 haec
1349 3896 1442 3964 dixit:

310 4011 363 4073 »et
385 4015 426 4074 ne
448 4007 480 4073 in
502 4011 604 4073 totum
626 4006 734 4076 videar
748 4006 888 4075 Graecos
909 4006 1056 4074 insectari
1077 4027 1116 4075 ex
1137 4008 1198 4074 illis
1217 4027 1275 4075 nos
1289 4007 1381 4076 velim
1396 4009 1531 4094 intelligi

194 4191 206 4218 ι
307 4117 455 4203 pingendi
476 4118 678 4204 fingendique
696 4119 927 4197 conditoribus,
949 4136 1029 4201 quos
1051 4121 1082 4186 in
1104 4117 1217 4187 libellis
1239 4119 1289 4186 his
1310 4120 1451 4188 invenies
1473 4123 1530 4190 ab·

223 4246 226 4252 ·
307 4230 411 4297 soluta
432 4249 528 4314 opera
550 4234 583 4297 ct
604 4229 657 4297 ilia
678 4250 803 4316 quoque
824 4249 906 4314 quae
933 4233 1075 4300 mirando
1104 4249 1166 4299 non
1195 4231 1348 4298 sati-emur
1377 4233 1531 4317 pendenti

306 4342 397 4409 titulo
419 4342 627 4425 inscripsisse:
651 4347 688 4410 ut
709 4342 872 4426 Apelles
893 4341 1067 4412 iaciebat
1088 4349 1155 4412 aut
1176 4346 1428 4430 Polycletus,
1443 4351 1531 4428 ,tam-

306 4455 399 4538 qutttr
427 4453 574 4522 inchoata
601 4455 724 4539 semper
751 4458 819 4522 arta
848 4459 882 4522 et
910 4455 1108 4539 imperdere,
1131 4460 1174 4525 ut
1204 4461 1314 4523 contra
1337 4455 1529 4541 judiciorum

374 4681 433 4741 111
450 4683 546 4743 Brenn.
561 4701 626 4742 ntor.
644 4687 682 4743 rh.
700 4693 727 4745 n.
745 4703 767 4741 s.
785 4695 847 4744 tom.
859 4687 920 4743 vm
934 4699 962 4760 p·
975 4689 1024 4748 247
1042 4707 1097 4758 sqq.
