3330 5378
815 473 1025 538 ..18-

396 659 484 740 Quae
505 679 576 728 enm
598 661 643 727 ita
666 661 737 744 sint,
755 662 822 744 jam
840 659 961 728 facilius
976 661 1189 742 intelligimus,
1211 659 1296 742 quod
1311 679 1340 742 p.
1355 660 1394 726 15
1411 661 1530 728 monui·

314 788 399 849 mus,
421 773 597 856 antiquiore
618 778 723 840 aetate
745 771 843 839 firmis
865 772 1118 855 inscriptionibus
1135 771 1273 840 artifices
1288 790 1362 840 usos
1376 792 1439 841 non
1453 792 1532 840 esse.

396 883 487 964 Quod
508 904 583 954 uero
605 885 755 968 diximus,
784 886 926 954 uorsibus
949 903 1113 969 expressos
1136 902 1207 952 esse
1229 885 1338 953 titulos
1360 883 1426 952 iere
1454 885 1533 951 anti-

312 996 489 1078 quissimos,
506 997 738 1082 epigrammatis
752 997 927 1080 pictorum¹
943 997 1138 1080 aliorumque
1150 995 1315 1080 artificum,
1330 1017 1413 1082 quae
1423 999 1532 1066 etiam-

308 1125 392 1176 nunc
412 1109 564 1176 habemus
586 1110 666 1177 bene
688 1107 899 1177 confirmatur.
1315 1161 1318 1168 .

397 1221 563 1305 Polygnoti
585 1222 668 1289 enim
690 1220 912 1290 celeberrimae
932 1221 1075 1306 picturae
1096 1219 1225 1306 Delphis
1248 1221 1416 1305 subscripti
1442 1224 1534 1287 erant

224 1413 227 1428 ι
309 1330 478 1402 Simonidis
499 1353 624 1403 uersus:

482 1446 588 1534 γράφε
609 1444 825 1528 Πολύγνωτος,
849 1444 962 1516 Odore<
983 1443 1083 1527 γένος,
1101 1440 1335 1533 Ἀγλαοφῶντος

483 1558 550 1630 υἱὸς
571 1555 770 1646 περθομένην
788 1552 873 1622 Ἰλίου
896 1555 1070 1644 ἀκρόπολιν.

308 1668 444 1740 Pausan.
467 1671 511 1754 X,
534 1671 585 1753 27,
608 1671 638 1735 4.
683 1671 726 1738 Et
746 1671 867 1736 Plinius
886 1669 1014 1753 XXXV,
1038 1670 1100 1734 154
1122 1669 1199 1738 haec
1221 1670 1365 1738 tradidit:
1392 1668 1533 1752 »plastae

316 1782 549 1852 »laudatissimi
570 1781 658 1850 luere
679 1782 883 1865 Damophilus
910 1787 941 1848 et
971 1781 1146 1864 (largusne,
1175 1782 1268 1850 iidem
1296 1783 1449 1866 pictores,
1477 1783 1532 1865 qui

312 1896 454 1964 »Cereris
476 1898 586 1966 aedem
607 1899 727 1966 Minae
747 1898 789 1965 ad
811 1897 927 1966 circum
948 1917 1128 1966 maxumum
1150 1897 1342 1983 (dedicatum
1364 1916 1392 1965 a.
1413 1918 1445 1964 ιι.
1470 1899 1530 1962 261

312 2010 723 2095 2=01.71,l)utroque
750 2028 865 2092 genere
892 2010 969 2076 artis
996 2028 1074 2078 suae
1101 2009 1317 2090 excoluerant,
1344 2010 1532 2078 versibus

187 2187 192 2198 ,
312 2122 490 2204 ›inseriptis
512 2123 641 2204 Graece,
669 2123 783 2207 quibus
806 2121 1017 2206 significarent
1040 2122 1080 2189 ab
1103 2123 1213 2189 dextra
1227 2141 1331 2206 opera
1353 2120 1532 2205 Damophili

312 2253 409 2314 resse,
431 2236 472 2303 ab
494 2237 584 2303 laena
600 2235 762 2318 Gorgasi«
803 2236 846 2301 Et
867 2253 976 2302 versus
999 2234 1095 2302 etiam
1117 2233 1150 2300 in
1172 2235 1256 2302 vasis
1277 2233 1425 2302 fictilibus
1448 2251 1537 2314 esse,

214 2431 217 2438 ¹
308 2348 375 2414 sive
396 2347 614 2432 antiquissima
634 2348 736 2424 sunu,
758 2347 824 2414 sive
845 2352 986 2414 remotae
1003 2345 1202 2430 antiquitatis
1225 2347 1360 2429 speciem
1375 2346 1534 2427 abactae

308 2461 388 2536 ,satis
410 2464 542 2528 constat.
578 2459 622 2526 At
641 2465 678 2527 tu
701 2457 836 2526 fortasse
858 2459 992 2538 dubites,
1013 2476 1090 2524 num
1112 2457 1157 2523 illi
1172 2476 1283 2526 uersus
1305 2458 1345 2525 ab
1361 2455 1534 2526 artificibus

309 2573 386 2657 ipsis
408 2572 472 2641 sint
499 2573 678 2656 compositi,
710 2572 876 2656 Polygnoti
903 2589 1037 2652 memor,
1065 2570 1116 2638 cui
1138 2569 1314 2638 Simonides
1342 2570 1535 2654 epigramma

308 2685 392 2756 iecit.
436 2688 482 2756 Ao
508 2687 645 2772 primum
671 2686 920 2767 meminerimus,
950 2683 1109 2752 Gitiadam
1131 2682 1417 2751 Lacedaemonium
1446 2683 1534 2750 illum
1641 2693 1648 2706 ·

309 2800 498 2870 statuarium
519 2800 652 2884 hymnos
674 2797 839 2880 cecinisse,
868 2795 952 2879 quod
974 2800 1110 2864 testatur
1131 2795 1305 2864 Percennius
1328 2795 1398 2876 ΙΙΙ,
1422 2796 1472 2876 17,
1502 2796 1533 2860 2.

309 2913 360 2980 Ita
381 2917 466 2982 centa
487 2911 541 2980 olii
563 2929 687 2996 quoque
709 2909 844 2993 benigna
865 2927 945 2976 vona
966 2907 1102 2991 praediti
1117 2907 1177 2991 ipsi
1192 2925 1315 2988 uersus,
1338 2907 1453 2990 quibus
1468 2912 1533 2976 sta·

310 3027 382 3090 tuns
402 3023 648 3106 inscripserunt,
670 3025 926 3105 composnerunt,
954 3021 1008 3088 olii
1030 3020 1257 3103 epigrammata
1279 3037 1298 3086 a
1319 3019 1422 3102 poetis
1446 3037 1535 3087 acce

309 3139 425 3220 parunt
445 3154 508 3203 non
523 3140 560 3203 ut
574 3133 742 3219 Polygnoti
757 3137 841 3202 certo
860 3133 947 3216 operi
961 3137 1079 3216 aptum,
1102 3131 1158 3199 sed
1173 3151 1211 3198 ea
1225 3130 1335 3209 torma,
1357 3135 1394 3197 ut
1408 3147 1536 3214 semper

309 3252 438 3331 possent
459 3265 631 3332 usurpare,
654 3246 760 3331 qualia
782 3249 857 3312 sunt
878 3244 1000 3311 Onatao
1022 3244 1095 3328 (scr.
1119 3243 1147 3325 l,
1172 3242 1220 3326 a);
1243 3246 1276 3310 et
1294 3242 1450 3325 Bupalum
1472 3239 1537 3308 fra-

311 3363 454 3444 tremque
476 3360 560 3426 idem
575 3377 699 3426 muman
714 3357 857 3441 pluribus
873 3356 988 3424 statuis
1002 3355 1174 3438 subjecisse
1188 3354 1356 3423 memoriae
1371 3353 1533 3438 proditum

311 3475 360 3540 ast
381 3491 402 3539 o
422 3471 523 3540 Plinio
543 3471 688 3550 XXXVI,
713 3470 753 3533 12
781 3469 854 3553 (sor.
879 3467 921 3551 1).

399 3584 526 3665 Restat,
553 3587 591 3650 ut
611 3581 695 3667 quod
718 3580 757 3648 de
778 3579 975 3663 anthologiae
997 3577 1137 3646 Graecae
1162 3577 1393 3662 epigrammatis
1419 3575 1535 3660 promi-

321 3713 525 3726 ψ..-

382 3765 567 3837 ¹Ilpigremmn
584 3763 694 3832 qnidam,
713 3763 783 3832 quod
799 3769 839 3815 eat
855 3761 882 3813 in
899 3759 1002 3812 Anlhnl.
1019 3757 1076 3813 Pal.
1095 3758 1141 3823 IX,
1159 3759 1209 3817 758

649 3844 796 3912 Σιμωνίδου

648 3929 740 4000 Κίμων
758 3931 865 4003 ἔγραψε
883 3933 932 4004 τὴν
949 3931 1039 4003 θύραν
1057 3932 1106 4002 τὴν
1126 3929 1227 3998 mebi,

649 4021 699 4092 τὴν
717 4018 744 4071 d’
752 4017 878 4080 ἐξιόντων
897 4017 988 4080 deflua
1009 4017 1149 4077 Διονύσιος

312 4105 450 4165 Bonndorf.
469 4110 502 4163 da
519 4107 613 4163 anthol.
627 4108 670 4161 Gr.
684 4125 723 4176 op.
738 4125 766 4176 p.
782 4110 812 4164 11
831 4124 915 4161 reram
930 4106 1115 4174 inscriptionem
1127 4105 1235 4173 putarit:
1249 4103 1370 4156 immerito
1381 4110 1410 4153 nt
1421 4101 1535 4164 videtum

312 4198 421 4267 primum
438 4197 506 4251 enim
523 4196 594 4250 hand
611 4193 759 4248 concinnum
777 4199 824 4258 ent,
845 4193 938 4246 deinde
955 4193 1011 4245 ride
1029 4192 1104 4245 modo
1122 4191 1210 4245 ludum
1227 4191 1254 4243 in
1271 4190 1352 4243 vorbis
1370 4189 1536 4255 sequentibus

817 4279 867 4350 τὴν
886 4276 978 4339 defini

819 4365 869 4435 τὴν
888 4362 993 4424 δ’ἐξιόν

820 4468 874 4502 των
893 4448 994 4510 defini.

381 4542 513 4596 ²dtlnenis
530 4541 556 4592 in
573 4540 711 4609 fragmento
728 4537 896 4606 antiquissimi
913 4540 981 4590 vasis

611 4623 711 4696 ἄνδρες
727 4623 855 4694 ἐποίησαν
874 4617 1007 4693 captatori
1027 4624 1106 4680 καλὸν
1125 4619 1232 4692 ἄγαλμα

313 4714 387 4768 Arnh.
406 4717 462 4784 ΖΨ.
479 4713 553 4767 ΧΧΠ
569 4715 660 4782 (1864)
678 4707 702 4781 p
715 4714 790 4770 λῆθ’.
