3330 5378
778 462 968 524 -6-

266 650 357 716 ambo
373 653 545 715 ornassent.
579 649 630 714 Ita
644 647 814 732 Lysippum
835 665 967 731 quoque,
989 666 1081 729 quem
1097 647 1256 730 periegeta
1272 647 1336 730 jam
1355 646 1380 726 1,
1395 646 1445 722 43,
1462 647 1481 709 6

265 760 488 834 nominaverat,
510 758 687 843 Stoyonium
702 757 799 825 tuisse
814 759 972 825 enarravit
987 759 1029 838 11,
1046 760 1076 839 9,
1091 759 1111 823 8
1127 758 1180 824 ubi
1197 758 1236 823 de
1250 757 1335 823 illins
1350 756 1483 824 Heracle

267 889 362 938 aeneo
385 871 490 954 agitur
512 869 645 955 Sicyone
666 871 779 952 posito,
801 889 864 954 qua
886 871 917 936 iu
939 870 1017 938 urbe
1040 875 1124 938 certe
1148 870 1311 952 indigenae
1333 867 1482 934 artificem

266 982 353 1047 illum
375 981 609 1050 celeberrimum
631 999 722 1047 suum
745 982 843 1048 civem
866 999 934 1048 esse
957 982 1103 1069 superbia
1125 981 1261 1062 quedam
1277 979 1481 1046 affirmabant.

352 1093 414 1160 Sed
436 1113 497 1159 nou
520 1094 631 1174 omnia,
653 1111 734 1174 quae
758 1093 798 1158 od
819 1091 955 1160 artifices
976 1093 1153 1176 pertinent,
1176 1092 1348 1159 Pausanias
1370 1092 1410 1159 ab
1433 1111 1483 1158 ax·

267 1206 366 1288 egetis
388 1204 518 1287 accepit,
541 1204 589 1271 bis
612 1205 694 1270 enim
716 1205 783 1287 ipse
803 1205 992 1272 mentionem
1014 1205 1123 1288 injecit
1145 1205 1346 1287 scriptorum,
1369 1201 1423 1286 qui
1445 1202 1484 1268 de

238 1373 239 1378 ,
267 1321 334 1383 arte
355 1315 488 1399 plastica
509 1315 659 1398 agebant:
682 1316 719 1396 V,
748 1316 808 1396 20,
837 1317 855 1378 2
878 1316 906 1379 οί
927 1315 1281 1406 πολυπραγμονήσαντες
1302 1313 1425 1400 σπουδῇ
1447 1315 1484 1378 τὰ

267 1428 300 1498 ἐς
323 1427 396 1498 τούς
416 1427 554 1498 πλάστας
575 1432 607 1494 et
627 1428 664 1509 V,
686 1428 736 1510 23,
760 1429 779 1491 3
802 1428 830 1490 οί
852 1429 1090 1515 συγγράψαντες
1112 1427 1149 1491 τὰ
1171 1426 1205 1497 ἐς
1226 1424 1363 1496 πλάστας
1390 1422 1483 1508 (lila-

269 1540 357 1611 τοιάς
377 1538 447 1606 edd.
471 1539 584 1624 codd),
607 1540 722 1624 quibus
743 1539 867 1624 quidem
890 1560 953 1608 non
974 1541 1022 1608 bis
1044 1544 1168 1606 tantum
1181 1539 1369 1606 Pausaniam
1392 1555 1484 1604 usum

267 1669 336 1718 esse
358 1669 470 1733 perso
491 1655 588 1734 patet,
612 1651 724 1717 deiude
746 1651 914 1719 tenendum
937 1657 1000 1728 est,
1022 1652 1074 1717 illa
1096 1651 1234 1733 λέγουσι,
1254 1649 1484 1738 μνημονεύουσι

267 1783 330 1831 non
351 1764 452 1831 solum
474 1765 514 1830 ab
538 1781 575 1829 eo
598 1764 683 1830 dicta
705 1781 775 1831 osse
796 1765 828 1829 In
850 1764 903 1844 iis,
932 1781 1014 1848 quae
1035 1761 1128 1830 fando
1151 1762 1285 1844 accepit,
1313 1759 1369 1828 sed
1391 1760 1485 1828 ctiam

268 1896 351 1960 quae
372 1898 410 1945 ex
432 1879 556 1963 scriptis
576 1877 697 1958 hausit,
728 1877 812 1963 quod
833 1878 1000 1961 praecipue
1030 1875 1147 1952 elucet,
1175 1874 1228 1941 ubi
1258 1874 1339 1940 duae
1365 1877 1485 1941 contro

266 2009 376 2057 versae
397 1991 571 2058 sententiae
592 1990 785 2057 referuntur:

351 2103 394 2185 ΙΙ,
418 2104 466 2183 15,
492 2105 507 2166 1
532 2091 659 2174 Σκύλλις
681 2109 728 2167 καὶ
749 2102 889 2172 Δίποινος
909 2151 916 2166 .
939 2149 976 2166 ..
1004 2099 1148 2188 ραδγτδς
1171 2100 1207 2165 δὲ
1237 2098 1312 2163 εἶναι
1333 2096 1486 2162 Δαιδάλου

268 2220 369 2302 σφᾶς,
398 2216 425 2278 ol
448 2215 555 2286 δὲκαὶ
576 2220 702 2297 γυναῖκα
725 2216 759 2280 ἐκ
782 2213 938 2302 Γόρτυνος
961 2211 1105 2278 ἐθέλουσι
1131 2214 1239 2297 λαβεῖν
1261 2211 1412 2277 Δαίδαλον
1440 2213 1487 2274 καί

268 2329 320 2393 τὸν
341 2328 480 2392 Δίποινον
508 2329 556 2392 καί
581 2326 707 2392 Σκύλλιν
737 2328 772 2392 ἐκ
799 2335 855 2418 τῆς
882 2329 1025 2412 γυναικός
1054 2330 1082 2391 ot
1111 2326 1225 2414 ταύτης
1253 2321 1399 2407 γενέσθαι
1427 2323 1487 2401 III,

269 2441 319 2521 17,
342 2441 361 2504 6
385 2437 614 2528 Κλέαρχος...
638 2439 673 2503 δν
694 2439 832 2504 Διποίνου
855 2441 903 2503 καί
923 2438 1091 2509 Σκύλλιδος
1111 2439 1139 2501 ot
1162 2436 1198 2502 δὲ
1220 2436 1313 2501 αὐτοῦ
1333 2432 1487 2498 Δαιδάλου

268 2529 361 2638 φασὶν
384 2551 459 2615 εἶναι
479 2548 634 2639 μαθητήν.
678 2551 726 2616 Ex
748 2550 797 2616 his
822 2551 921 2633 igitur
949 2551 988 2618 de
1016 2556 1084 2616 arto
1112 2549 1245 2632 plastica
1273 2545 1487 2628 scriptoribus,

268 2681 401 2745 quorum
427 2661 498 2728 libri
528 2660 663 2728 tortasse
691 2662 867 2728 litterarum
897 2662 1005 2728 ordine
1034 2660 1177 2744 dispositi
1208 2663 1316 2736 erant,
1346 2657 1408 2724 tria
1435 2656 1489 2723 illa

267 2774 430 2843 sollemnia
451 2773 581 2854 indicta,
606 2791 688 2857 quae
709 2773 820 2860 afferre
843 2777 966 2840 tentum
989 2771 1131 2839 interfuit
1152 2772 1341 2837 Pausaniae:
1370 2769 1488 2854 πατρίς.

267 2885 380 2973 ἡλικία,
403 2881 589 2981 διδάσκαλος
615 2882 652 2951 ci.
677 2885 735 2960 ΙΙΙ,
760 2885 808 2962 18,
832 2886 860 2948 9.
901 2885 938 2965 V,
961 2885 1011 2966 22,
1035 2885 1063 2949 5.
1094 2884 1145 2964 23,
1168 2885 1197 2947 5.
1229 2883 1353 2963 25,11.
1383 2881 1435 2962 26,
1458 2881 1487 2944 2.

267 2995 363 3076 VIII,
386 2995 444 3076 53,
467 2998 496 3060 7.
543 2997 592 3062 lta
614 2996 790 3077 periegeta,
820 2996 847 3062 si
876 2998 966 3080 cujus
996 2999 1098 3079 operis
1127 3001 1287 3062 auctorem
1314 2999 1489 3074 acceperat,

267 3108 364 3174 libros
386 3105 455 3173 illos
477 3107 602 3188 evolvit,
626 3113 658 3173 et
679 3107 763 3188 quod
786 3108 924 3192 repperit
946 3108 1079 3174 addidit:
1095 3109 1162 3191 jam
1179 3106 1391 3189 intelligimus,
1412 3105 1490 3189 quid

269 3220 329 3286 sibi
350 3218 448 3285 velint
470 3220 507 3295 V,
530 3220 581 3299 24,
607 3221 621 3281 1
651 3217 775 3283 Μούσου
798 3218 924 3307 ποίημα,
946 3220 1031 3290 όστις
1052 3219 1090 3308 δὴ
1114 3217 1205 3289 οὗτός
1227 3217 1308 3284 ἐστιν
1331 3215 1491 3287 όΜοῦοος

269 3335 302 3397 et
322 3331 367 3408 X,
396 3330 451 3410 18,
480 3331 499 3393 6
533 3330 703 3416 Τισαγόρου
733 3336 768 3394 τδ
798 3329 917 3417 ἔργον,
936 3332 1021 3402 όστις
1048 3330 1088 3419 δὴ
1116 3332 1133 3391 ό
1161 3330 1346 3416 Τισαγόρας,
1375 3328 1489 3410 quibus

270 3460 416 3525 compara
436 3440 524 3521 haec,
548 3460 630 3524 quae
652 3444 779 3508 suntin
800 3443 841 3522 Il,
868 3445 897 3521 7,
918 3445 937 3506 2
960 3443 1060 3507 Λύκου
1082 3441 1257 3530 Μεσσηνίου
1277 3443 1386 3529 μνῆμά
1406 3439 1489 3504 ἐστιν

268 3556 355 3624 όστις
375 3553 414 3642 δὴ
437 3551 565 3624 ούτοςό
587 3552 702 3624 Δύκος·
732 3553 767 3618 ού
790 3557 851 3638 γάρ
883 3578 947 3619 τινα
976 3554 1110 3642 εὑρίσκω
1138 3555 1183 3638 (in
1205 3552 1490 3636 Olympionicarum

267 3665 422 3732 indicibus
449 3664 487 3732 cf.
512 3665 576 3745 111,
603 3665 661 3744 21,
692 3668 719 3728 1.
750 3666 810 3747 Vl,
836 3666 891 3748 13,
916 3665 986 3751 10.)
1011 3666 1185 3754 Μεσσήνιον
1214 3665 1393 3754 ἀσκήσαντα
1421 3663 1491 3728 πέν-

270 3773 383 3840 ταδλον
406 3776 479 3840 ου’δὲ
489 3773 666 3865 Ὀλυμπικὴν
689 3776 885 3865 ἀνῃρημένον
904 3776 995 3864 νίκην.
1030 3778 1081 3843 Ita
1096 3796 1171 3844 sane
1186 3777 1279 3844 etiam
1295 3776 1334 3843 de
1348 3777 1441 3843 Muso
1459 3784 1491 3843 et
1540 3857 1544 3862 Ι

269 3888 420 3970 Tisagora
434 3891 552 3973 scripta
566 3887 775 3956 consuluerat.
812 3889 902 3967 Quod
918 3907 991 3956 vero
1006 3889 1188 3968 Pausanias,
1210 3907 1289 3972 quos
1306 3890 1402 3957 libros
1423 3909 1490 3957 sae·

269 4001 341 4082 pina
361 3999 515 4076 adhibuit,
539 4000 587 4067 bts
609 4003 730 4067 tantum
747 4000 863 4068 dIscrte
877 4001 1058 4082 nomInavit,
1079 4020 1140 4068 non
1156 4001 1268 4068 mirum
1283 4003 1315 4068 in
1330 3995 1489 4085 scriptore,

270 4115 339 4195 qui,
366 4131 437 4178 cum
458 4113 610 4179 Herodoti
634 4112 864 4196 simplicitatem
893 4131 1013 4180 summo
1042 4113 1147 4181 studio
1175 4113 1368 4198 affectaret¹,
1396 4116 1491 4183 etlam

269 4225 301 4292 id
323 4226 402 4308 egit,
429 4231 466 4290 ut
487 4244 583 4306 quam
604 4226 739 4309 plurima
759 4235 816 4294 aut
837 4226 930 4293 iando
961 4227 1119 4308 accepisse
1144 4233 1200 4294 aut
1226 4228 1293 4309 ipse
1321 4230 1491 4312 conjecisse

270 4337 437 4403 videretur.
482 4338 572 4417 Quod
595 4343 632 4404 ut
654 4340 685 4404 in
708 4339 870 4405 uniuersas
891 4339 1066 4404 Pausaniae
1087 4356 1138 4404 res
1159 4339 1253 4420 ualet,
1275 4340 1320 4406 ita
1342 4342 1436 4407 etiam
1458 4341 1490 4406 in

328 4596 490 4665 lPrneoipue
507 4597 676 4652 maculandus
696 4598 727 4652 0.
746 4581 893 4652 Pinndtner.
930 4598 1068 4652 Pausanias
1085 4600 1215 4668 periegeta
1236 4599 1345 4654 imitator
1362 4600 1489 4655 Herodoti.

270 4684 330 4736 dias.
347 4685 434 4754 inaug.
445 4683 561 4752 Regiam.
576 4687 651 4742 1866.
670 4687 701 4737 oi.
720 4687 826 4740 cundem
846 4689 871 4739 in
888 4685 994 4738 Jahrbb.
1012 4685 1136 4740 {Philol
1148 4703 1172 4738 u.
1184 4685 1295 4755 Psodsg.
1311 4688 1377 4744 1869
1395 4705 1420 4754 p·
1432 4689 1491 4743 4⁴3·
