3338 5376
654 463 864 527 ...15-

151 669 204 718 ens
233 649 450 733 inscriptiones
480 649 596 718 addere
623 649 791 732 voluimus,
821 669 901 735 quae
930 669 991 717 non
1019 650 1060 717 ab
1090 648 1262 718 artificibus
1291 650 1367 734 ipsis

150 759 310 846 profectae
332 766 406 828 sunt
427 778 457 827 n.
477 761 537 827 175
560 779 625 846 sqq.

235 873 384 941 Videmus
413 873 510 957 igitur
537 873 685 956 primum,
716 873 769 955 qui
799 873 898 957 patris
927 875 1051 941 nomine
1080 875 1176 941 semel
1204 891 1280 940 usus
1308 879 1368 955 est,

151 1003 222 1052 eum
244 985 296 1052 illo
319 1003 442 1069 semper
463 984 521 1065 uti,
544 985 651 1068 etqui
675 985 832 1052 ethnicum
851 984 900 1051 vel
922 983 1109 1052 demoticum
1131 983 1226 1051 semel
1252 984 1369 1053 nomini

151 1114 208 1164 suo
231 1097 392 1180 apposnit,
416 1115 485 1164 eum
508 1097 728 1180 illud-semper
750 1097 815 1166 lere
837 1111 1008 1181 apponere3
1037 1115 1225 1180 quamquem
1248 1097 1369 1183 patriae

149 1208 266 1274 mentio
287 1207 394 1290 paullo
422 1209 524 1274 minus
554 1207 643 1275 firma
670 1208 766 1277 fuisse
793 1208 936 1290 videtur,
964 1226 1058 1291 qnam
1086 1210 1202 1293 patris:
1233 1209 1369 1277 cresilas

41 1357 44 1362 Α
152 1319 278 1403 quidem
300 1337 335 1386 se
356 1318 561 1402 Cydoniatam
584 1321 767 1403 essequod
790 1320 922 1388 Athenis
946 1321 959 1403 (
981 1321 1070 1406 .17),
1091 1321 1146 1388 ubi
1168 1327 1251 1390 certe
1274 1322 1369 1388 omni·

150 1431 210 1498 bus
232 1431 309 1498 satis
331 1437 427 1498 notus
452 1437 536 1514 arnt,
563 1452 626 1500 non
648 1433 807 1500 addidisse
828 1433 969 1515 videtur,
998 1433 1184 1500 Hermiones
1211 1432 1369 1514 professus
1479 1447 1484 1464 ν
1574 1439 1577 1454 ’

150 1543 231 1618 est;¹
247 1543 360 1610 deinde
375 1543 427 1610 ille
447 1544 541 1612 etiam
557 1545 732 1629 antiquiore
747 1550 851 1613 aetate
868 1546 953 1628 vixit,
967 1562 1061 1627 qnam
1077 1563 1140 1629 qua
1154 1545 1369 1628 inscriptiones

149 1651 256 1721 firmas
277 1653 376 1721 iactas
399 1672 470 1722 esse
492 1654 656 1740 credimus,
678 1656 761 1740 quod
786 1662 854 1724 tum
877 1657 1001 1725 demum
1024 1658 1148 1725 evenire
1164 1658 1276 1740 potuit,
1298 1677 1368 1724 cum

152 1783 206 1832 ars
227 1784 248 1832 a
269 1768 398 1834 summis
421 1766 593 1868 artificibus
615 1774 709 1838 aucta
730 1773 763 1836 et
784 1773 892 1836 evectu
914 1787 934 1833 a
955 1769 1061 1835 multis
1076 1767 1254 1836 hominibus
1268 1768 1369 1852 iisque

150 1877 319 1944 mediocris
347 1877 463 1962 ingenii
492 1881 580 1964 quasi
610 1880 768 1962 negotium
803 1879 1018 1954 exercebatur3
1054 1885 1121 1947 tum
1151 1884 1256 1948 nutem
1290 1880 1369 1948 tales

149 1989 230 2058 firmi
259 1992 343 2060 tituli
370 2010 432 2058 non
459 1991 491 2058 in
523 1993 617 2059 certis
646 1990 834 2074 quibusdam
861 1991 1039 2074 regionibus
1067 1991 1258 2074 frequentati
1285 1996 1369 2067 sunt,

149 2104 258 2172 sedin
282 2122 474 2170 communem
496 2104 633 2171 omnium
663 2121 752 2170 usum
781 2103 914 2187 recepti,
944 2103 1026 2184 quod
1056 2121 1094 2168 ex
1121 2102 1290 2184 propositis
1318 2121 1369 2168 cx·

149 2214 258 2299 emplis
288 2216 399 2283 elucet.
453 2214 662 2282 stabilitatem
692 2220 795 2281 autem
825 2214 1035 2296 inscriptionis
1067 2214 1205 2298 ejusdem
1240 2212 1368 2280 artificis

149 2328 228 2394 bene
250 2347 287 2394 ex
309 2327 357 2393 his
380 2328 479 2394 titulis
502 2345 688 2412 cognoscere
702 2345 884 2412 possumus:
900 2345 932 2392 n.
948 2321 1368 2414 144:‘Hpaxleidqc’A7odoo

143 2434 288 2526 Ἐφέσιος
310 2439 357 2502 καί
374 2435 534 2524 ‘Appetitur
555 2437 686 2503 ἐποίουν.
711 2444 743 2506 et
763 2459 793 2506 n.
811 2440 887 2504 152:

235 2548 319 2614 Θέων
345 2547 512 2639 Ἀντιοχεὺς
539 2551 588 2614 καί
609 2549 784 2640 Δημήτριος
805 2547 981 2638 Δημητρίου
999 2546 1113 2620 Ῥόδιος
1143 2549 1285 2627 ἐποίουν,
1314 2549 1368 2616 ubi

148 2659 284 2730 artifices
305 2660 434 2728 officinis
457 2662 630 2746 conjunctis
651 2662 764 2729 iisdem
792 2662 906 2744 quibus
934 2668 1007 2729 ante
1036 2662 1290 2743 inscriptionibus
1319 2663 1368 2728 usi

150 2777 233 2840 sunt.
278 2775 323 2839 Ac
345 2792 421 2840 sane
443 2771 599 2840 artificum
622 2774 759 2858 ipsorum
782 2773 934 2840 interesse
956 2774 1082 2854 debuit,
1104 2791 1185 2856 quoe
1208 2774 1303 2840 semel
1324 2773 1369 2839 in-

147 2888 340 2971 scripserant
363 2887 510 2971 operibus
532 2888 572 2954 ab
593 2887 670 2970 ipsis
691 2886 852 2970 perfectis,
883 2905 920 2954 ea
943 2905 1067 2971 semper
1088 2886 1274 2954 inscribere:
1297 2903 1369 2952 nam

147 2997 259 3062 Μαίων
281 2995 489 3082 Πυθογένους,
517 2997 679 3088 Ἡμίχορος
696 2994 939 3084 Ἐλευθερναῖος,
962 2995 1156 3084 Πυθόκριτος
1176 2999 1368 3087 Τιμοχάριυς,

148 3107 252 3198 Φόλος
267 3105 518 3195 Ἁλικαρνασσεὺς
545 3107 676 3193 gloriam
702 3109 761 3174 sibi
788 3113 989 3192 paraverant,
1021 3128 1083 3175 non
1114 3109 1297 3192 simpliciter
1317 3108 1366 3172 Μι-

148 3220 230 3298 κίων,
263 3219 434 3310 Τιμόχαρις,
459 3219 660 3306 Πυθόκριτος,
685 3217 801 3307 Φύληςς
824 3220 869 3286 iu
890 3220 984 3287 etiam
1000 3220 1117 3287 Onatas
1139 3220 1188 3287 bis
1206 3220 1289 3287 idem
1306 3219 1369 3303 cpi·

147 3350 288 3415 gramina
320 3333 467 3416 operibus
504 3332 637 3416 subjecit
670 3331 743 3415 (sor.
771 3332 805 3412 i,
834 3331 876 3414 a).
930 3332 1123 3414 Quamquam
1157 3351 1218 3400 non
1255 3331 1368 3398 desunt

146 3448 286 3510 mutatae
310 3443 517 3526 inscriptionis
541 3441 697 3526 exempla:
720 3441 947 3510 Caecosthenes
971 3443 1039 3526 (53,
1063 3463 1091 3520 a,
1113 3444 1157 3528 b.)
1186 3441 1369 3529 quidemst

146 3553 221 3620 Dies
244 3553 329 3638 (54),
361 3573 431 3622 cum
454 3555 697 3636 collaborarent,
727 3571 761 3620 se
783 3554 987 3637 Apollonides
1008 3553 1088 3621 filios
1111 3555 1273 3639 Phlyasins
1299 3570 1368 3634 esse

146 3663 278 3748 professi
300 3669 375 3731 sunt
400 3665 468 3749 (52,
490 3665 533 3749 a),
556 3664 680 3733 officina
702 3665 855 3732 communi
878 3683 951 3732 vero
973 3665 1098 3734 sublata
1118 3666 1217 3750 petris
1239 3670 1272 3732 et
1286 3665 1368 3732 demi

145 3777 334 3844 mentionem
356 3777 545 3857 omiserunt3
575 3776 687 3846 deinde
709 3795 778 3844 cum
801 3774 885 3842 filius
907 3795 926 3841 a
947 3781 1038 3858 patre
1059 3778 1091 3843 in
1114 3777 1294 3844 societatem
1319 3795 1367 3843 re·

146 3889 317 3982 ciperetur,
347 3887 454 3954 eadem
477 3888 642 3972 inscriptio
665 3907 791 3954 manere
814 3906 874 3954 uon
898 3888 1010 3971 potuit.
1055 3887 1098 3954 Et
1123 3888 1255 3955 fortasse
1282 3887 1367 3954 tituli

145 3999 313 4083 aliqnando
343 4001 553 4084 reperientur,
586 4000 698 4083 quibus
734 4000 866 4068 cundem
899 4000 1049 4067 artificem
1082 4001 1191 4068 eadem
1224 4001 1255 4067 in
1288 4001 1366 4068 urbe

145 4111 238 4178 variis
260 4111 513 4195 inscriptionibus
535 4131 627 4179 nsum
650 4130 718 4180 esse
740 4111 936 4196 probabitur,
965 4113 1019 4194 qui
1040 4113 1145 4197 parvis
1167 4113 1208 4180 ab
1230 4112 1365 4181 exordiis

145 4222 302 4305 proiectus
324 4225 471 4307 majorem
495 4224 624 4309 gloriam
648 4244 717 4292 cum
741 4230 855 4291 nactus
879 4229 963 4290 essct
983 4225 1087 4292 omnia
1108 4230 1233 4309 praeter
1253 4242 1365 4292 nomen

214 4435 225 4473 ¹
240 4431 324 4486 'l’itnlo
342 4449 366 4484 n.
378 4433 438 4500 ste,
461 4450 536 4500 quem
553 4449 608 4485 sero
623 4431 787 4486 Benndcrflur
806 4433 916 4502 benigne
933 4447 1033 4484 mecum
1049 4431 1244 4494 communicarit,
1262 4430 1360 4500 probari

144 4520 254 4581 ridetur,
279 4521 381 4587 saepius
402 4520 509 4572 artifices
527 4537 582 4573 cunr
601 4519 691 4572 alicnis
710 4519 809 4572 civibus
830 4535 907 4589 opere
929 4519 1092 4586 perlicerent,
1115 4518 1219 4571 ethnicis
1241 4517 1363 4586 nppositir

145 4623 172 4658 aa
190 4607 328 4658 accumtius
346 4605 501 4674 significasse
518 4607 568 4668 ita,
594 4613 621 4657 nt
640 4612 665 4656 ct
683 4605 845 4657 domesticum
863 4612 889 4656 et
913 4613 1041 4658 externam
1067 4604 1235 4672 inscriptionis
1259 4602 1362 4656 formam

144 4692 170 4742 in
187 4709 235 4744 usn
252 4691 377 4744 haberent.
