3344 5376
661 426 700 506 -’-
749 461 807 524 149
852 429 906 508 -‘

161 645 223 710 hoc
244 643 348 711 fictum
372 643 497 710 ridetur
519 651 648 728 propter
669 647 810 723 Pausi,
835 650 897 728 19,
913 650 948 729 2,
980 650 1128 716 attalem
1152 651 1384 734 inscriptionem

164 758 299 824 Athenis
321 756 417 823 fnisse
439 760 548 840 negari
570 758 703 825 tortasse
726 779 787 826 non
809 761 908 843 possit
931 781 959 825 v.
982 762 1022 828 ad
1045 782 1074 827 n.
1093 763 1147 842 193
1171 764 1276 828 sedin
1299 764 1384 840 locis,

162 869 218 936 uhi
235 869 451 951 inscriptiones
466 874 609 952 repertae
626 876 740 951 essent,
764 871 938 938 indicandis
953 872 1029 937 Pitt.
1045 873 1122 939 satis
1137 873 1299 956 negligens
1314 872 1382 940 fuit

757 1067 786 1133 2.
1401 1073 1491 1159 [213]

247 1151 394 1216 Athenis:
615 1227 616 1230 Ἴ

525 1233 665 1325 Ἀντίνωρ
689 1239 906 1327 Εὐφράνορος
927 1242 1016 1326 (8101)

529 1348 672 1437 ἐποίησεν
696 1349 786 1415 τόνδε
801 1347 964 1437 Ἁρμοδίου

529 1463 577 1525 καὶ
594 1457 850 1548 Ἀριστογείτονος

160 1573 197 1639 C.
222 1573 436 1655 1.11p.34a
464 1593 519 1638 »ex
548 1572 670 1638 schedis
692 1574 806 1640 Pittaci
830 1575 1045 1641 Atheniensis«
1078 1575 1115 1640 cf.
1146 1575 1286 1658 Rangab.
1316 1596 1380 1641 rev.

159 1685 246 1751 arch.
264 1684 552 1769 1846(11)ρ.422.
587 1685 705 1750 Brunn.
722 1687 737 1752 I
757 1705 786 1769 p.
804 1687 843 1750 97
859 1686 914 1752 sed
936 1706 963 1752 v.
984 1687 1027 1752 ad
1045 1689 1082 1750 19
1104 1687 1188 1770 [210,
1206 1688 1278 1768 212,
1294 1689 1380 1770 2191

755 1875 784 1939 3.
1401 1881 1491 1964 [214]

250 1981 376 2068 Cajetae
395 1972 615 2052 hasimfuisse
636 1984 881 2073 affirmaverunt,
899 1988 1015 2070 inqua

710 2092 826 2188 Ἑομῆς

699 2209 846 2281 Διόδοτος

704 2320 833 2410 Βοηθοῦ

715 2437 737 2520 (.
755 2433 830 2518 riori)

703 2546 770 2611 ἐποι
793 2596 800 2611 .
824 2597 832 2612 .

157 2661 195 2728 C.
219 2663 244 2728 1.
267 2680 313 2744 gr.
337 2680 367 2726 n.
384 2661 467 2726 6146
489 2661 544 2728 sed
565 2660 603 2729 ci.
626 2679 656 2726 n.
675 2661 735 2725 142
757 2665 790 2727 et
811 2661 961 2727 Brnnn.I
981 2680 1011 2743 p.
1029 2659 1100 2725 501.

752 2852 781 2915 5·
970 2863 972 2866 .

246 2962 282 3028 In
312 2961 485 3047 fragmento
515 2967 640 3029 statuae
671 2961 801 3029 Veneris
829 2961 913 3028 hunc
946 2961 1071 3028 titulum
1104 2960 1201 3028 fnisse
1233 2961 1379 3027 dixerunt
1396 2866 1486 2949 [215]

156 3073 304 3158 quidam:

559 3156 754 3247 Ἐμμοχάρης
779 3156 971 3242 Πτολεμαίου

561 3265 696 3356 Ἀργεῖος
717 3269 814 3333 ἐποίοι
835 3269 923 3355 (sici)
1147 3311 1148 3314 =
1185 3267 1219 3335 O.
1243 3268 1268 3333 I.
1284 3269 1377 3334 6147.

155 3383 215 3451 sed
238 3383 362 3465 Ligario
385 3383 517 3450 debetur
539 3382 576 3449 ci.
601 3384 718 3451 Brunn.
734 3385 759 3463 Ι,
782 3383 857 3449 120.

752 3573 781 3637 6·
1395 3591 1484 3676 [nra]
1523 3663 1525 3666 v
1616 3644 1617 3647 γ

244 3685 425 3750 Florentiae
447 3703 499 3751 ara
529 3684 664 3751 rotanda
692 3703 801 3750 marm.
829 3691 1024 3765 asservatur,
1053 3685 1084 3750 in
1113 3701 1175 3767 qua
1196 3683 1377 3766 iphigeniae

156 3796 346 3864 sacrificium
369 3813 567 3882 expressum
590 3798 678 3879 cujus
701 3798 732 3863 in
756 3795 900 3863 inferiore
923 3813 992 3862 ora:

621 3906 797 3994 Κλεομένης
818 3905 913 3970 ἐποίει

156 4021 193 4088 C.
210 4021 235 4086 Ι.
252 4021 345 4101 6159,
368 4018 423 4085 sed
444 4018 482 4085 cf.
504 4020 669 4103 praecipue
689 4019 781 4084 John.
800 4019 892 4084 Arch.
910 4019 1005 4085 Beitr.
1022 4037 1051 4099 p.
1064 4019 1127 4082 380
1142 4024 1206 4084 not.
1220 4019 1248 4082 2.
1270 4035 1376 4100 qnam·

154 4151 252 4218 quam
275 4115 508 4214 inscriptionem
532 4129 699 4215 genuinam
722 4147 790 4195 esse
812 4128 977 4196 affirmavit
999 4129 1111 4197 Overh.
1133 4127 1192 4208 sQ.
1216 4147 1246 4193 n.
1263 4128 1356 4193 2226.

751 4433 780 4496 7.
1266 4441 1270 4448 ,

243 4543 403 4632 Lugduni
421 4545 479 4612 suh
501 4543 589 4616 Jovis
611 4544 735 4616 barbati
756 4544 891 4634 imagine
914 4545 964 4634 (Ε,
989 4543 1098 4616 Wolff:
1121 4542 1226 4618 annali
1248 4543 1277 4620 d·
1301 4543 1374 4624 inst?
1394 4448 1483 4532 [217]

159 4658 240 4726 1841
263 4659 328 4726 tan.
345 4656 401 4748 m:
