3344 5376
800 453 1034 517 -168-

391 639 559 728 γράμματα
576 637 689 706 Ἀττικά
716 641 829 731 ἀρχαῖα
857 643 943 724 (ante
970 641 1010 709 ol.
1032 641 1088 722 94,
1115 640 1148 724 2)
1178 640 1216 708 cs.
1240 642 1269 707 J.
1292 641 1405 706 Franz.
1437 639 1532 707 elem.

309 754 406 837 epigr.
428 773 458 837 p.
475 755 525 819 26.
549 753 682 822 Boeckh.
706 754 746 820 od
768 773 799 819 n.
816 753 866 818 25.
891 751 924 818 G.
948 753 973 818 Ι.

887 1001 951 1086 [21.

397 1139 505 1224 [Pion]
527 1141 592 1205 vito
612 1140 642 1205 X
664 1158 708 1206 or.
754 1139 849 1206 Isocr.
865 1140 921 1203 27:

398 1257 554 1328 ἀνάκειται
576 1259 612 1322 δὲ
634 1257 729 1323 αὐτοῦ
752 1259 800 1322 καί
823 1258 855 1322 ἐν
874 1253 1018 1321 Ἐλευσῖνι
1040 1258 1128 1322 εἰκῶν
1145 1257 1245 1347 χαλκῆ
1269 1254 1454 1344 ἔμπροσθεν
1486 1262 1543 1322 τοῦ

313 1365 481 1457 προστῴου
505 1370 564 1433 ὑπὸ
592 1367 740 1453 Τιμοθέου
764 1371 818 1432 τοῦ
840 1367 995 1444 Κόνωνος,
1019 1370 1066 1432 καὶ
1088 1367 1319 1455 ἐπιγέγραπται·

521 1506 670 1593 Τιμόθεος
692 1507 794 1595 φιλίας
816 1531 849 1572 τε
866 1503 969 1598 χάριν,
993 1507 1095 1596 ξενίην
1116 1531 1150 1573 τε
1173 1511 1330 1595 προτιμῶν

582 1616 777 1706 Ἰσοκράτους
799 1619 869 1683 ελκῶ
893 1617 981 1707 τὴνδ’
1004 1617 1137 1706 ἀνέθηκε
1159 1617 1257 1689 θεαῖς.

525 1743 529 1752 ’
746 1728 988 1820 Λεωχάρους
1009 1728 1101 1816 ἔρχυν

313 1867 359 1931 ito
373 1867 549 1934 Leochares
574 1868 641 1950 ipse
663 1871 748 1934 certe
770 1886 831 1933 non
854 1867 979 1952 scripsit
994 1867 1045 1953 (ci.
1062 1869 1129 1951 syll.
1146 1887 1176 1934 n.
1189 1868 1254 1951 31),
1277 1867 1398 1934 sedhic
1414 1867 1545 1936 dicendi

313 1978 425 2044 modus
448 1978 580 2046 debetur
601 1980 763 2062 scriptori,
791 1980 845 2060 qni
867 1978 1001 2046 fortasse
1028 1999 1090 2047 non
1119 1999 1156 2046 ex
1183 1980 1386 2060 inscriptione
1413 1979 1474 2044 sed
1505 1999 1547 2045 ex

314 2109 371 2157 suo
394 2087 522 2157 artificis
544 2109 655 2157 nornen
678 2089 822 2176 addidic]

399 2411 488 2494 Diog.
513 2409 618 2477 Lodrt.
635 2409 695 2491 111,
718 2403 775 2477 25:
898 2324 949 2388 22·

400 2563 654 2576 ————
676 2519 882 2611 Μιθραδάτης
903 2525 920 2587 δ
941 2522 1069 2612 Πέρσης
1089 2517 1259 2608 ἀνδριάντα
1278 2518 1453 2592 Πλάτωνος
1475 2521 1549 2586 ἀνέ-

318 2636 394 2702 θετο
424 2638 470 2708 είς
499 2639 552 2726 την
578 2632 758 2725 Ἀκαδημίαν
787 2637 835 2699 καί
863 2633 1040 2721 ἐπέγραψε·
1075 2628 1278 2720 Μιθραδάτης
1305 2633 1323 2694 ό
1348 2627 1549 2715 Ῥαδοβάτου

316 2749 447 2838 Πέρσης
469 2749 606 2819 Μούσαις
628 2748 728 2812 ελκόνα
751 2745 882 2812 ἀνέθετο
906 2743 1092 2822 Πλάτωνος,
1121 2747 1159 2834 ἣν
1180 2742 1379 2808 Σιλανίων
1402 2741 1549 2832 ἐποίησε.

903 2996 954 3061 23.

310 3233 312 3236 Ι
403 3137 539 3204 Martini.
557 3137 611 3218 IX,
635 3137 677 3201 44
700 3136 761 3221 (cd.
785 3134 990 3218 Schneider.)

598 3260 727 3327 Alciden
749 3259 840 3326 modo
862 3259 1002 3328 Vindicis
1024 3258 1172 3341 rogobom

595 3378 679 3440 esset
700 3374 791 3454 quus
813 3390 892 3453 opus
913 3371 1064 3455 laborque
1086 3370 1168 3436 folin.

594 3485 765 3552 risit-nam
788 3483 868 3550 solet
889 3482 1099 3566 hoc-levique
1121 3485 1210 3560 nutu,

596 3596 716 3663 Graece
738 3595 899 3678 numquid,
921 3595 975 3674 ait,
996 3599 1090 3677 poeto
1112 3594 1236 3660 nescis?

596 3708 747 3791 inscripto
769 3712 818 3774 est
839 3705 924 3774 hosis
945 3704 1124 3786 indicatque
1145 3722 1266 3772 nornen.

597 3819 802 3885 Λυσίππου
823 3814 904 3902 lego,
927 3817 1055 3884 Phidiae
1077 3817 1194 3898 putavi.

901 4068 965 4153 [24.

408 4209 603 4275 Constantio.
626 4209 816 4292 Porphyrog.
841 4207 883 4274 do
901 4207 1016 4274 admin.
1039 4207 1111 4290 imp.
1128 4207 1186 4272 21:

410 4313 511 4394 έλθῶν
534 4329 570 4392 δέ
593 4353 629 4417 τη
643 4325 740 4414 Ῥόδῳ
763 4326 887 4392 καθεῖλε
909 4329 961 4392 τόν
985 4329 1133 4392 κολοσσδν
1149 4329 1200 4390 τὸν
1216 4325 1249 4390 ἐν
1263 4325 1351 4412 αὐτῷ
1366 4324 1557 4414 ἱστάμενον·

325 4441 447 4527 ἄγαλμα
469 4441 505 4505 δὲ
527 4441 564 4531 ην
581 4437 678 4506 Ἡλίου
698 4441 831 4529 χαλκοῦν
853 4438 1089 4528 κεχρυσωμένον
1112 4438 1172 4501 ἀπὸ
1196 4437 1333 4525 κεφαλῆς
1355 4437 1422 4509 ἕως
1444 4442 1557 4508 ποδῶν

328 4551 407 4641 ἔχων
430 4549 510 4638 θόος
531 4555 637 4643 πήχεις
658 4547 694 4618 π’
717 4553 765 4616 καὶ
795 4544 910 4620 πλάτος
938 4550 1099 4632 ἀναλόγως
1121 4552 1174 4613 τοῦ
1197 4546 1309 4633 δῴους,
1339 4547 1454 4621 καθὼς
1473 4578 1558 4640 μαρ-

328 4669 416 4751 τυρεῖ
437 4667 470 4728 τὸ
493 4665 669 4752 ἐπίγραμμα
693 4666 726 4729 τὸ
750 4667 828 4751 πρὸς
851 4668 903 4755 τὴν
923 4659 1017 4748 βάσιν
1040 4668 1101 4728 τῶν
1125 4663 1229 4727 ποδῶν
1252 4663 1493 4748 γεγραμμένον·
