<?xml version="1.0" encoding="UTF-8"?>
<!DOCTYPE html PUBLIC "-//W3C//DTD XHTML 1.0 Transitional//EN"
    "http://www.w3.org/TR/xhtml1/DTD/xhtml1-transitional.dtd">
<html xmlns="http://www.w3.org/1999/xhtml" xml:lang="en" lang="en">
 <head>
  <title>
</title>
<meta http-equiv="Content-Type" content="text/html;charset=utf-8" />
  <meta name='ocr-system' content='tesseract 3.04.00' />
  <meta name='ocr-capabilities' content='ocr_page ocr_carea ocr_par ocr_line ocrx_word'/>
</head>
<body>
  <div class='ocr_page' id='page_1' title='image "./titulistatuario00hirsgoog_0024.png"; bbox 0 0 3330 5378; ppageno 0'>
   <div class='ocr_carea' id='block_1_1' title="bbox 585 463 798 523">
    <p class='ocr_par' dir='ltr' id='par_1_1' title="bbox 585 463 798 523">
     <span class='ocr_line' id='line_1_1' title="bbox 585 463 798 523; baseline 0.005 -15"><span class='ocrx_word' id='word_1_1' title='bbox 585 463 798 523; x_wconf 85' lang='lat'><strong>..11...</strong></span> 
     </span>
    </p>
   </div>
   <div class='ocr_carea' id='block_1_2' title="bbox 74 646 1346 4083">
    <p class='ocr_par' dir='ltr' id='par_1_2' title="bbox 81 646 1301 1398">
     <span class='ocr_line' id='line_1_2' title="bbox 81 646 1297 730; baseline 0 -19"><span class='ocrx_word' id='word_1_2' title='bbox 81 646 130 712; x_wconf 85' lang='lat' dir='ltr'><strong>dit</strong></span> <span class='ocrx_word' id='word_1_3' title='bbox 144 647 356 714; x_wconf 88' lang='lat' dir='ltr'><strong>Mommseuus</strong></span> <span class='ocrx_word' id='word_1_4' title='bbox 371 649 438 730; x_wconf 86' lang='lat' dir='ltr'><strong>ipse</strong></span> <span class='ocrx_word' id='word_1_5' title='bbox 461 647 494 730; x_wconf 88' lang='lat' dir='ltr'><strong>(l.</strong></span> <span class='ocrx_word' id='word_1_6' title='bbox 511 648 555 730; x_wconf 84' lang='grc'><strong>1.),</strong></span> <span class='ocrx_word' id='word_1_7' title='bbox 579 648 634 714; x_wconf 82' lang='lat' dir='ltr'><strong>secl</strong></span> <span class='ocrx_word' id='word_1_8' title='bbox 650 649 689 714; x_wconf 87' lang='lat' dir='ltr'><strong>rte</strong></span> <span class='ocrx_word' id='word_1_9' title='bbox 703 646 855 714; x_wconf 84' lang='lat' dir='ltr'><strong>artificum</strong></span> <span class='ocrx_word' id='word_1_10' title='bbox 873 646 1048 714; x_wconf 85' lang='lat' dir='ltr'>nominibus</span> <span class='ocrx_word' id='word_1_11' title='bbox 1063 646 1140 713; x_wconf 93' lang='lat' dir='ltr'><strong>nibil</strong></span> <span class='ocrx_word' id='word_1_12' title='bbox 1154 647 1297 724; x_wconf 91' lang='lat' dir='ltr'><strong>innotuit.</strong></span> 
     </span>
     <span class='ocr_line' id='line_1_3' title="bbox 82 756 1301 842; baseline 0.002 -20"><span class='ocrx_word' id='word_1_13' title='bbox 82 757 153 824; x_wconf 87' lang='lat' dir='ltr'><strong>Huc</strong></span> <span class='ocrx_word' id='word_1_14' title='bbox 180 756 314 840; x_wconf 87' lang='lat' dir='ltr'><strong>denique</strong></span> <span class='ocrx_word' id='word_1_15' title='bbox 340 758 422 824; x_wconf 87' lang='lat' dir='ltr'><strong>adde</strong></span> <span class='ocrx_word' id='word_1_16' title='bbox 449 759 540 826; x_wconf 87' lang='lat' dir='ltr'><strong>Plinii</strong></span> <span class='ocrx_word' id='word_1_17' title='bbox 568 764 631 825; x_wconf 89' lang='lat' dir='ltr'><strong>nat.</strong></span> <span class='ocrx_word' id='word_1_18' title='bbox 665 759 738 825; x_wconf 91' lang='lat' dir='ltr'><strong>hist.</strong></span> <span class='ocrx_word' id='word_1_19' title='bbox 774 759 845 825; x_wconf 93' lang='lat' dir='ltr'><strong>libri</strong></span> <span class='ocrx_word' id='word_1_20' title='bbox 872 758 1005 825; x_wconf 85' lang='lat' dir='ltr'>XXXVI</span> <span class='ocrx_word' id='word_1_21' title='bbox 1035 759 1132 842; x_wconf 76' lang='lat'><strong>§272</strong></span> <span class='ocrx_word' id='word_1_22' title='bbox 1165 758 1301 824; x_wconf 77' lang='lat' dir='ltr'><strong>»Romae</strong></span> 
     </span>
     <span class='ocr_line' id='line_1_4' title="bbox 81 867 1299 953; baseline 0.002 -21"><span class='ocrx_word' id='word_1_23' title='bbox 81 867 207 949; x_wconf 89' lang='lat' dir='ltr'><strong>quidem</strong></span> <span class='ocrx_word' id='word_1_24' title='bbox 229 868 400 936; x_wconf 89' lang='lat' dir='ltr'><strong>multitudo</strong></span> <span class='ocrx_word' id='word_1_25' title='bbox 422 888 566 953; x_wconf 78' lang='lat' dir='ltr'><strong>operum,</strong></span> <span class='ocrx_word' id='word_1_26' title='bbox 597 871 691 938; x_wconf 88' lang='lat' dir='ltr'><strong>ctiam</strong></span> <span class='ocrx_word' id='word_1_27' title='bbox 718 870 908 938; x_wconf 89' lang='lat' dir='ltr'><strong>oblitteratio</strong></span> <span class='ocrx_word' id='word_1_28' title='bbox 936 888 973 936; x_wconf 91' lang='lat' dir='ltr'><strong>ac</strong></span> <span class='ocrx_word' id='word_1_29' title='bbox 1001 869 1101 952; x_wconf 82' lang='lat' dir='ltr'><strong>magis</strong></span> <span class='ocrx_word' id='word_1_30' title='bbox 1129 867 1299 936; x_wconf 88' lang='lat' dir='ltr'><strong>officiorum</strong></span> 
     </span>
     <span class='ocr_line' id='line_1_5' title="bbox 82 979 1297 1063; baseline -0.001 -18"><span class='ocrx_word' id='word_1_31' title='bbox 82 979 339 1063; x_wconf 70' lang='lat' dir='ltr'><strong>negotiorumque</strong></span> <span class='ocrx_word' id='word_1_32' title='bbox 361 982 462 1048; x_wconf 82' lang='lat' dir='ltr'><strong>acerui</strong></span> <span class='ocrx_word' id='word_1_33' title='bbox 477 1000 584 1048; x_wconf 90' lang='lat' dir='ltr'><strong>omues</strong></span> <span class='ocrx_word' id='word_1_34' title='bbox 600 1000 619 1047; x_wconf 88' lang='lat' dir='ltr'><strong>a</strong></span> <span class='ocrx_word' id='word_1_35' title='bbox 633 981 898 1063; x_wconf 79' lang='lat' dir='ltr'><strong>contemplatione</strong></span> <span class='ocrx_word' id='word_1_36' title='bbox 912 987 1016 1048; x_wconf 88' lang='lat' dir='ltr'><strong>tamen</strong></span> <span class='ocrx_word' id='word_1_37' title='bbox 1032 980 1192 1046; x_wconf 85' lang='lat' dir='ltr'><strong>abducunt</strong></span> <span class='ocrx_word' id='word_1_38' title='bbox 1204 1028 1297 1044; x_wconf 94' lang='grc'><strong>.....</strong></span> 
     </span>
     <span class='ocr_line' id='line_1_6' title="bbox 82 1075 1301 1175; baseline -0.001 -17"><span class='ocrx_word' id='word_1_39' title='bbox 82 1110 145 1174; x_wconf 92' lang='lat' dir='ltr'><strong>qua</strong></span> <span class='ocrx_word' id='word_1_40' title='bbox 168 1092 206 1159; x_wconf 89' lang='lat' dir='ltr'><strong>de</strong></span> <span class='ocrx_word' id='word_1_41' title='bbox 228 1111 324 1160; x_wconf 89' lang='lat' dir='ltr'><strong>causa</strong></span> <span class='ocrx_word' id='word_1_42' title='bbox 343 1093 506 1175; x_wconf 84' lang='lat' dir='ltr'><strong>ignoratur</strong></span> <span class='ocrx_word' id='word_1_43' title='bbox 527 1075 658 1161; x_wconf 81' lang='lat' dir='ltr'><strong>artifex«</strong></span> <span class='ocrx_word' id='word_1_44' title='bbox 684 1098 752 1174; x_wconf 83' lang='lat' dir='ltr'><strong>etc,</strong></span> <span class='ocrx_word' id='word_1_45' title='bbox 777 1093 833 1160; x_wconf 93' lang='lat' dir='ltr'><strong>ubi</strong></span> <span class='ocrx_word' id='word_1_46' title='bbox 855 1097 929 1159; x_wconf 89' lang='lat' dir='ltr'><strong>notu</strong></span> <span class='ocrx_word' id='word_1_47' title='bbox 950 1092 1028 1158; x_wconf 90' lang='lat' dir='ltr'><strong>nibil</strong></span> <span class='ocrx_word' id='word_1_48' title='bbox 1043 1092 1161 1158; x_wconf 90' lang='lat' dir='ltr'><strong>dictum</strong></span> <span class='ocrx_word' id='word_1_49' title='bbox 1176 1107 1246 1158; x_wconf 89' lang='lat' dir='ltr'><strong>esse</strong></span> <span class='ocrx_word' id='word_1_50' title='bbox 1261 1090 1301 1158; x_wconf 87' lang='lat' dir='ltr'><strong>de</strong></span> 
     </span>
     <span class='ocr_line' id='line_1_7' title="bbox 82 1201 1300 1287; baseline -0.002 -19"><span class='ocrx_word' id='word_1_51' title='bbox 82 1203 336 1287; x_wconf 79' lang='lat' dir='ltr'><strong>inscriptionibus</strong></span> <span class='ocrx_word' id='word_1_52' title='bbox 360 1204 540 1272; x_wconf 90' lang='lat' dir='ltr'><strong>memoriam</strong></span> <span class='ocrx_word' id='word_1_53' title='bbox 553 1204 752 1287; x_wconf 83' lang='lat' dir='ltr'><strong>juvantibus:</strong></span> <span class='ocrx_word' id='word_1_54' title='bbox 769 1204 886 1270; x_wconf 85' lang='lat' dir='ltr'><strong>Romae</strong></span> <span class='ocrx_word' id='word_1_55' title='bbox 900 1203 998 1287; x_wconf 81' lang='lat' dir='ltr'><strong>igitur</strong></span> <span class='ocrx_word' id='word_1_56' title='bbox 1015 1202 1162 1286; x_wconf 88' lang='lat' dir='ltr'><strong>operibus</strong></span> <span class='ocrx_word' id='word_1_57' title='bbox 1176 1201 1300 1286; x_wconf 88' lang='lat' dir='ltr'><strong>publico</strong></span> 
     </span>
     <span class='ocr_line' id='line_1_8' title="bbox 81 1312 1298 1398; baseline -0.004 -16"><span class='ocrx_word' id='word_1_58' title='bbox 81 1315 192 1398; x_wconf 89' lang='lat' dir='ltr'><strong>positis</strong></span> <span class='ocrx_word' id='word_1_59' title='bbox 215 1319 377 1382; x_wconf 91' lang='lat' dir='ltr'><strong>auctorum</strong></span> <span class='ocrx_word' id='word_1_60' title='bbox 400 1317 525 1382; x_wconf 89' lang='lat' dir='ltr'><strong>nomina</strong></span> <span class='ocrx_word' id='word_1_61' title='bbox 547 1317 731 1398; x_wconf 89' lang='lat' dir='ltr'><strong>plerumque</strong></span> <span class='ocrx_word' id='word_1_62' title='bbox 752 1334 814 1380; x_wconf 90' lang='lat' dir='ltr'><strong>uon</strong></span> <span class='ocrx_word' id='word_1_63' title='bbox 846 1314 1023 1397; x_wconf 87' lang='lat' dir='ltr'><strong>subscripta</strong></span> <span class='ocrx_word' id='word_1_64' title='bbox 1050 1331 1119 1379; x_wconf 89' lang='lat' dir='ltr'><strong>esse</strong></span> <span class='ocrx_word' id='word_1_65' title='bbox 1145 1312 1298 1380; x_wconf 87' lang='lat' dir='ltr'><strong>ridentur.</strong></span> 
     </span>
    </p>

    <p class='ocr_par' dir='ltr' id='par_1_3' title="bbox 82 1423 1303 1827">
     <span class='ocr_line' id='line_1_9' title="bbox 168 1423 1297 1510; baseline -0.004 -16"><span class='ocrx_word' id='word_1_66' title='bbox 168 1426 222 1494; x_wconf 90' lang='lat' dir='ltr'><strong>Sin</strong></span> <span class='ocrx_word' id='word_1_67' title='bbox 245 1445 319 1494; x_wconf 84' lang='lat' dir='ltr'><strong>vero</strong></span> <span class='ocrx_word' id='word_1_68' title='bbox 334 1427 465 1494; x_wconf 89' lang='lat' dir='ltr'><strong>Romani</strong></span> <span class='ocrx_word' id='word_1_69' title='bbox 489 1427 612 1510; x_wconf 88' lang='lat' dir='ltr'><strong>quaudo</strong></span> <span class='ocrx_word' id='word_1_70' title='bbox 635 1431 758 1493; x_wconf 89' lang='lat' dir='ltr'><strong>statuas</strong></span> <span class='ocrx_word' id='word_1_71' title='bbox 781 1424 968 1493; x_wconf 85' lang='lat' dir='ltr'><strong>auferendas</strong></span> <span class='ocrx_word' id='word_1_72' title='bbox 990 1423 1144 1490; x_wconf 90' lang='lat' dir='ltr'><strong>artificum</strong></span> <span class='ocrx_word' id='word_1_73' title='bbox 1167 1424 1297 1490; x_wconf 88' lang='lat' dir='ltr'><strong>nomini-</strong></span> 
     </span>
     <span class='ocr_line' id='line_1_10' title="bbox 84 1536 1303 1619; baseline -0.001 -16"><span class='ocrx_word' id='word_1_74' title='bbox 84 1539 142 1604; x_wconf 91' lang='lat' dir='ltr'><strong>bus</strong></span> <span class='ocrx_word' id='word_1_75' title='bbox 166 1543 333 1618; x_wconf 87' lang='lat' dir='ltr'><strong>ornarunt,</strong></span> <span class='ocrx_word' id='word_1_76' title='bbox 363 1539 408 1603; x_wconf 84' lang='lat' dir='ltr'><strong>ita</strong></span> <span class='ocrx_word' id='word_1_77' title='bbox 431 1536 541 1605; x_wconf 88' lang='lat' dir='ltr'><strong>iecisse</strong></span> <span class='ocrx_word' id='word_1_78' title='bbox 563 1538 722 1618; x_wconf 84' lang='lat' dir='ltr'><strong>videntur,</strong></span> <span class='ocrx_word' id='word_1_79' title='bbox 750 1542 787 1604; x_wconf 89' lang='lat' dir='ltr'><strong>ot</strong></span> <span class='ocrx_word' id='word_1_80' title='bbox 808 1536 933 1605; x_wconf 88' lang='lat' dir='ltr'><strong>nomina</strong></span> <span class='ocrx_word' id='word_1_81' title='bbox 956 1536 988 1602; x_wconf 93' lang='lat' dir='ltr'><strong>iu</strong></span> <span class='ocrx_word' id='word_1_82' title='bbox 1010 1537 1100 1619; x_wconf 80' lang='lat' dir='ltr'><strong>signa</strong></span> <span class='ocrx_word' id='word_1_83' title='bbox 1121 1536 1189 1618; x_wconf 89' lang='lat' dir='ltr'><strong>ipsa</strong></span> <span class='ocrx_word' id='word_1_84' title='bbox 1218 1540 1303 1602; x_wconf 78' lang='lat' dir='ltr'><strong>mau-</strong></span> 
     </span>
     <span class='ocr_line' id='line_1_11' title="bbox 82 1646 1296 1733; baseline -0.002 -16"><span class='ocrx_word' id='word_1_85' title='bbox 82 1649 264 1731; x_wconf 78' lang='lat' dir='ltr'><strong>scribereut,</strong></span> <span class='ocrx_word' id='word_1_86' title='bbox 286 1648 360 1733; x_wconf 88' lang='lat' dir='ltr'><strong>(scr.</strong></span> <span class='ocrx_word' id='word_1_87' title='bbox 386 1647 445 1712; x_wconf 69' lang='lat' dir='ltr'><strong>12l</strong></span> <span class='ocrx_word' id='word_1_88' title='bbox 468 1647 587 1733; x_wconf 81' lang='lat' dir='ltr'><strong>sill),</strong></span> <span class='ocrx_word' id='word_1_89' title='bbox 610 1649 693 1730; x_wconf 91' lang='lat' dir='ltr'><strong>quod</strong></span> <span class='ocrx_word' id='word_1_90' title='bbox 715 1655 877 1717; x_wconf 86' lang='lat' dir='ltr'><strong>eteorum</strong></span> <span class='ocrx_word' id='word_1_91' title='bbox 899 1648 977 1716; x_wconf 92' lang='lat' dir='ltr'><strong>mori</strong></span> <span class='ocrx_word' id='word_1_92' title='bbox 1000 1646 1164 1716; x_wconf 83' lang='lat' dir='ltr'><strong>convenire</strong></span> <span class='ocrx_word' id='word_1_93' title='bbox 1185 1653 1296 1730; x_wconf 83' lang='lat' dir='ltr'><strong>postea</strong></span> 
     </span>
     <span class='ocr_line' id='line_1_12' title="bbox 82 1759 267 1827; baseline -0.011 -1"><span class='ocrx_word' id='word_1_94' title='bbox 82 1759 267 1827; x_wconf 84' lang='lat' dir='ltr'><strong>videbimus.</strong></span> 
     </span>
    </p>

    <p class='ocr_par' dir='ltr' id='par_1_4' title="bbox 84 1869 1346 2514">
     <span class='ocr_line' id='line_1_13' title="bbox 167 1869 1346 1956; baseline -0.002 -19"><span class='ocrx_word' id='word_1_95' title='bbox 167 1870 246 1937; x_wconf 78' lang='lat' dir='ltr'><strong>Cum</strong></span> <span class='ocrx_word' id='word_1_96' title='bbox 268 1890 341 1938; x_wconf 88' lang='lat' dir='ltr'><strong>vero</strong></span> <span class='ocrx_word' id='word_1_97' title='bbox 363 1872 479 1955; x_wconf 87' lang='lat' dir='ltr'><strong>privati</strong></span> <span class='ocrx_word' id='word_1_98' title='bbox 498 1873 638 1940; x_wconf 87' lang='lat' dir='ltr'><strong>homines</strong></span> <span class='ocrx_word' id='word_1_99' title='bbox 663 1874 764 1940; x_wconf 81' lang='lat' dir='ltr'><strong>»eirca</strong></span> <span class='ocrx_word' id='word_1_100' title='bbox 785 1878 909 1940; x_wconf 83' lang='lat' dir='ltr'><strong>statuas</strong></span> <span class='ocrx_word' id='word_1_101' title='bbox 932 1876 964 1939; x_wconf 90' lang='lat' dir='ltr'><strong>et</strong></span> <span class='ocrx_word' id='word_1_102' title='bbox 985 1871 1137 1956; x_wconf 83' lang='lat' dir='ltr'><strong>imagines</strong></span> <span class='ocrx_word' id='word_1_103' title='bbox 1159 1869 1298 1938; x_wconf 88' lang='lat' dir='ltr'><strong>insanire</strong></span> <span class='ocrx_word' id='word_1_104' title='bbox 1343 1905 1346 1912; x_wconf 63' lang='grc'><strong>«</strong></span> 
     </span>
     <span class='ocr_line' id='line_1_14' title="bbox 84 1980 1304 2067; baseline -0.005 -15"><span class='ocrx_word' id='word_1_105' title='bbox 84 1984 186 2052; x_wconf 89' lang='lat' dir='ltr'><strong>carius</strong></span> <span class='ocrx_word' id='word_1_106' title='bbox 207 1983 323 2066; x_wconf 81' lang='lat' dir='ltr'><strong>inepti«</strong></span> <span class='ocrx_word' id='word_1_107' title='bbox 354 1984 544 2067; x_wconf 87' lang='lat' dir='ltr'><strong>inciperent,</strong></span> <span class='ocrx_word' id='word_1_108' title='bbox 572 2004 633 2052; x_wconf 93' lang='lat' dir='ltr'><strong>non</strong></span> <span class='ocrx_word' id='word_1_109' title='bbox 655 1991 692 2051; x_wconf 89' lang='lat' dir='ltr'><strong>ut</strong></span> <span class='ocrx_word' id='word_1_110' title='bbox 713 1986 871 2052; x_wconf 88' lang='lat' dir='ltr'><strong>Romanae</strong></span> <span class='ocrx_word' id='word_1_111' title='bbox 893 1983 1083 2067; x_wconf 89' lang='lat' dir='ltr'><strong>reipublicae</strong></span> <span class='ocrx_word' id='word_1_112' title='bbox 1104 1980 1304 2065; x_wconf 87' lang='lat' dir='ltr'><strong>splendorem</strong></span> 
     </span>
     <span class='ocr_line' id='line_1_15' title="bbox 84 2092 1299 2179; baseline -0.002 -20"><span class='ocrx_word' id='word_1_113' title='bbox 84 2099 251 2178; x_wconf 80' lang='lat' dir='ltr'><strong>augerent,</strong></span> <span class='ocrx_word' id='word_1_114' title='bbox 279 2094 333 2160; x_wconf 87' lang='lat' dir='ltr'><strong>sed</strong></span> <span class='ocrx_word' id='word_1_115' title='bbox 363 2100 399 2162; x_wconf 92' lang='lat' dir='ltr'><strong>ut</strong></span> <span class='ocrx_word' id='word_1_116' title='bbox 426 2095 516 2177; x_wconf 83' lang='lat' dir='ltr'><strong>signo</strong></span> <span class='ocrx_word' id='word_1_117' title='bbox 548 2097 598 2162; x_wconf 80' lang='lat' dir='ltr'><strong>»in</strong></span> <span class='ocrx_word' id='word_1_118' title='bbox 626 2096 768 2164; x_wconf 86' lang='lat' dir='ltr'><strong>villarum</strong></span> <span class='ocrx_word' id='word_1_119' title='bbox 796 2096 888 2163; x_wconf 84' lang='lat' dir='ltr'><strong>exilia</strong></span> <span class='ocrx_word' id='word_1_120' title='bbox 915 2094 1085 2179; x_wconf 85' lang='lat' dir='ltr'><strong>pellerent«</strong></span> <span class='ocrx_word' id='word_1_121' title='bbox 1116 2092 1208 2178; x_wconf 88' lang='lat' dir='ltr'><strong>(Pliu.</strong></span> <span class='ocrx_word' id='word_1_122' title='bbox 1235 2096 1299 2159; x_wconf 90' lang='lat' dir='ltr'><strong>nat.</strong></span> 
     </span>
     <span class='ocr_line' id='line_1_16' title="bbox 84 2202 1302 2296; baseline -0.004 -24"><span class='ocrx_word' id='word_1_123' title='bbox 84 2206 300 2286; x_wconf 70' lang='lat' dir='ltr'><strong>ursusxxv,</strong></span> <span class='ocrx_word' id='word_1_124' title='bbox 325 2207 379 2290; x_wconf 84' lang='grc'><strong>26)</strong></span> <span class='ocrx_word' id='word_1_125' title='bbox 389 2209 411 2288; x_wconf 91' lang='lat'><strong>¹,</strong></span> <span class='ocrx_word' id='word_1_126' title='bbox 435 2225 528 2290; x_wconf 91' lang='lat' dir='ltr'><strong>quam</strong></span> <span class='ocrx_word' id='word_1_127' title='bbox 550 2209 703 2296; x_wconf 73' lang='lat' dir='ltr'><strong>rationem</strong></span> <span class='ocrx_word' id='word_1_128' title='bbox 725 2209 756 2288; x_wconf 82' lang='lat' dir='ltr'><strong>in</strong></span> <span class='ocrx_word' id='word_1_129' title='bbox 780 2208 925 2290; x_wconf 88' lang='lat' dir='ltr'><strong>operibus</strong></span> <span class='ocrx_word' id='word_1_130' title='bbox 947 2207 1075 2274; x_wconf 87' lang='lat' dir='ltr'><strong>Graecis</strong></span> <span class='ocrx_word' id='word_1_131' title='bbox 1096 2202 1302 2272; x_wconf 87' lang='lat' dir='ltr'><strong>inscribendis</strong></span> 
     </span>
     <span class='ocr_line' id='line_1_17' title="bbox 85 2307 1301 2404; baseline -0.002 -20"><span class='ocrx_word' id='word_1_132' title='bbox 85 2336 136 2384; x_wconf 89' lang='lat' dir='ltr'><strong>eos</strong></span> <span class='ocrx_word' id='word_1_133' title='bbox 158 2322 283 2386; x_wconf 87' lang='lat' dir='ltr'><strong>secutos</strong></span> <span class='ocrx_word' id='word_1_134' title='bbox 305 2336 374 2387; x_wconf 87' lang='lat' dir='ltr'><strong>esse</strong></span> <span class='ocrx_word' id='word_1_135' title='bbox 396 2320 664 2388; x_wconf 81' lang='lat' dir='ltr'><strong>existimabimus?</strong></span> <span class='ocrx_word' id='word_1_136' title='bbox 693 2307 796 2404; x_wconf 83' lang='lat' dir='ltr'><strong>Atque</strong></span> <span class='ocrx_word' id='word_1_137' title='bbox 819 2319 954 2403; x_wconf 86' lang='lat' dir='ltr'><strong>primum</strong></span> <span class='ocrx_word' id='word_1_138' title='bbox 976 2315 1101 2401; x_wconf 89' lang='lat' dir='ltr'><strong>quidem</strong></span> <span class='ocrx_word' id='word_1_139' title='bbox 1123 2334 1203 2384; x_wconf 91' lang='lat' dir='ltr'><strong>cum</strong></span> <span class='ocrx_word' id='word_1_140' title='bbox 1218 2333 1301 2382; x_wconf 90' lang='lat' dir='ltr'><strong>surn-</strong></span> 
     </span>
     <span class='ocr_line' id='line_1_18' title="bbox 85 2434 356 2514; baseline 0.004 -19"><span class='ocrx_word' id='word_1_141' title='bbox 85 2448 167 2496; x_wconf 91' lang='lat' dir='ltr'><strong>mum</strong></span> <span class='ocrx_word' id='word_1_142' title='bbox 189 2434 356 2514; x_wconf 85' lang='lat' dir='ltr'><strong>putaretur</strong></span> 
     </span>
    </p>

    <p class='ocr_par' dir='ltr' id='par_1_5' title="bbox 86 2542 1305 3188">
     <span class='ocr_line' id='line_1_19' title="bbox 352 2542 1086 2630; baseline -0.003 -20"><span class='ocrx_word' id='word_1_143' title='bbox 352 2542 506 2611; x_wconf 88' lang='lat' dir='ltr'><strong>artificum</strong></span> <span class='ocrx_word' id='word_1_144' title='bbox 528 2549 648 2630; x_wconf 87' lang='lat' dir='ltr'><strong>veteres</strong></span> <span class='ocrx_word' id='word_1_145' title='bbox 670 2561 838 2628; x_wconf 81' lang='lat' dir='ltr'><strong>agnoscere</strong></span> <span class='ocrx_word' id='word_1_146' title='bbox 861 2543 974 2610; x_wconf 91' lang='lat' dir='ltr'><strong>ductus</strong></span> <span class='ocrx_word' id='word_1_147' title='bbox 1024 2613 1027 2618; x_wconf 66' lang='grc'><em>,</em></span> <span class='ocrx_word' id='word_1_148' title='bbox 1085 2543 1086 2548; x_wconf 76' lang='grc'>’</span> 
     </span>
     <span class='ocr_line' id='line_1_20' title="bbox 287 2650 1036 2738; baseline -0.001 -17"><span class='ocrx_word' id='word_1_149' title='bbox 287 2660 320 2721; x_wconf 94' lang='lat' dir='ltr'><strong>et</strong></span> <span class='ocrx_word' id='word_1_150' title='bbox 340 2673 404 2722; x_wconf 93' lang='lat' dir='ltr'><strong>uon</strong></span> <span class='ocrx_word' id='word_1_151' title='bbox 425 2654 583 2738; x_wconf 84' lang='lat' dir='ltr'><strong>inscriptis</strong></span> <span class='ocrx_word' id='word_1_152' title='bbox 605 2650 764 2729; x_wconf 84' lang='lat' dir='ltr'><strong>auctorem</strong></span> <span class='ocrx_word' id='word_1_153' title='bbox 786 2655 918 2722; x_wconf 88' lang='lat' dir='ltr'><strong>reddere</strong></span> <span class='ocrx_word' id='word_1_154' title='bbox 940 2654 1036 2738; x_wconf 83' lang='lat' dir='ltr'><strong>signis</strong></span> 
     </span>
     <span class='ocr_line' id='line_1_21' title="bbox 86 2765 1303 2852; baseline 0.002 -20"><span class='ocrx_word' id='word_1_155' title='bbox 86 2765 177 2846; x_wconf 83' lang='lat' dir='ltr'><strong>(Stat</strong></span> <span class='ocrx_word' id='word_1_156' title='bbox 201 2766 270 2832; x_wconf 83' lang='lat' dir='ltr'><strong>silv.</strong></span> <span class='ocrx_word' id='word_1_157' title='bbox 293 2766 347 2844; x_wconf 82' lang='lat' dir='ltr'><strong>IV,</strong></span> <span class='ocrx_word' id='word_1_158' title='bbox 370 2766 420 2849; x_wconf 87' lang='grc'><strong>6),</strong></span> <span class='ocrx_word' id='word_1_159' title='bbox 447 2765 538 2836; x_wconf 87' lang='lat' dir='ltr'><strong>facile</strong></span> <span class='ocrx_word' id='word_1_160' title='bbox 559 2768 683 2848; x_wconf 85' lang='lat' dir='ltr'><strong>credes,</strong></span> <span class='ocrx_word' id='word_1_161' title='bbox 713 2770 811 2836; x_wconf 90' lang='lat' dir='ltr'><strong>multa</strong></span> <span class='ocrx_word' id='word_1_162' title='bbox 833 2769 923 2852; x_wconf 80' lang='lat' dir='ltr'><strong>signa</strong></span> <span class='ocrx_word' id='word_1_163' title='bbox 944 2766 1104 2834; x_wconf 89' lang='lat' dir='ltr'><strong>artificum</strong></span> <span class='ocrx_word' id='word_1_164' title='bbox 1127 2765 1303 2834; x_wconf 84' lang='lat' dir='ltr'><strong>nominibus</strong></span> 
     </span>
     <span class='ocr_line' id='line_1_22' title="bbox 86 2875 1304 2962; baseline 0.002 -21"><span class='ocrx_word' id='word_1_165' title='bbox 86 2893 146 2942; x_wconf 92' lang='lat' dir='ltr'><strong>uon</strong></span> <span class='ocrx_word' id='word_1_166' title='bbox 167 2875 264 2943; x_wconf 86' lang='lat' dir='ltr'><strong>fuisse</strong></span> <span class='ocrx_word' id='word_1_167' title='bbox 287 2881 405 2944; x_wconf 86' lang='lat' dir='ltr'><strong>ornata.</strong></span> <span class='ocrx_word' id='word_1_168' title='bbox 450 2880 520 2946; x_wconf 89' lang='lat' dir='ltr'><strong>Huc</strong></span> <span class='ocrx_word' id='word_1_169' title='bbox 543 2881 678 2961; x_wconf 89' lang='lat' dir='ltr'><strong>accedit,</strong></span> <span class='ocrx_word' id='word_1_170' title='bbox 701 2880 786 2962; x_wconf 89' lang='lat' dir='ltr'><strong>quod</strong></span> <span class='ocrx_word' id='word_1_171' title='bbox 811 2880 935 2947; x_wconf 86' lang='lat' dir='ltr'><strong>tabulas</strong></span> <span class='ocrx_word' id='word_1_172' title='bbox 958 2878 1055 2946; x_wconf 84' lang='lat' dir='ltr'><strong>fuisse</strong></span> <span class='ocrx_word' id='word_1_173' title='bbox 1076 2883 1213 2960; x_wconf 86' lang='lat' dir='ltr'><strong>constat,</strong></span> <span class='ocrx_word' id='word_1_174' title='bbox 1237 2879 1304 2961; x_wconf 92' lang='lat' dir='ltr'><strong>qui·</strong></span> 
     </span>
     <span class='ocr_line' id='line_1_23' title="bbox 87 2985 1305 3074; baseline 0.003 -24"><span class='ocrx_word' id='word_1_175' title='bbox 87 2985 143 3053; x_wconf 91' lang='lat' dir='ltr'><strong>bus</strong></span> <span class='ocrx_word' id='word_1_176' title='bbox 166 3004 295 3068; x_wconf 92' lang='lat' dir='ltr'><strong>operum</strong></span> <span class='ocrx_word' id='word_1_177' title='bbox 317 3007 481 3070; x_wconf 88' lang='lat' dir='ltr'><strong>possessor</strong></span> <span class='ocrx_word' id='word_1_178' title='bbox 502 2995 536 3058; x_wconf 91' lang='lat' dir='ltr'><strong>et</strong></span> <span class='ocrx_word' id='word_1_179' title='bbox 557 2992 667 3073; x_wconf 88' lang='lat' dir='ltr'><strong>quanti</strong></span> <span class='ocrx_word' id='word_1_180' title='bbox 689 2993 815 3059; x_wconf 87' lang='lat' dir='ltr'><strong>emisset</strong></span> <span class='ocrx_word' id='word_1_181' title='bbox 837 2991 954 3074; x_wconf 89' lang='lat' dir='ltr'><strong>etquis</strong></span> <span class='ocrx_word' id='word_1_182' title='bbox 972 2990 1107 3068; x_wconf 84' lang='lat' dir='ltr'><strong>iecisset,</strong></span> <span class='ocrx_word' id='word_1_183' title='bbox 1130 2988 1222 3056; x_wconf 84' lang='lat' dir='ltr'><strong>modo</strong></span> <span class='ocrx_word' id='word_1_184' title='bbox 1236 2989 1305 3072; x_wconf 90' lang='lat' dir='ltr'><strong>ipse</strong></span> 
     </span>
     <span class='ocr_line' id='line_1_24' title="bbox 86 3098 1302 3188; baseline 0 -26"><span class='ocrx_word' id='word_1_185' title='bbox 86 3098 188 3174; x_wconf 84' lang='lat' dir='ltr'><strong>sciret,</strong></span> <span class='ocrx_word' id='word_1_186' title='bbox 209 3099 442 3168; x_wconf 88' lang='lat' dir='ltr'><strong>inscribendum</strong></span> <span class='ocrx_word' id='word_1_187' title='bbox 465 3103 586 3169; x_wconf 70' lang='lat' dir='ltr'><strong>curant</strong></span> <span class='ocrx_word' id='word_1_188' title='bbox 609 3100 687 3188; x_wconf 83' lang='lat' dir='ltr'><strong>(Cic.</strong></span> <span class='ocrx_word' id='word_1_189' title='bbox 704 3103 735 3169; x_wconf 93' lang='lat' dir='ltr'><strong>in</strong></span> <span class='ocrx_word' id='word_1_190' title='bbox 753 3104 844 3170; x_wconf 90' lang='lat' dir='ltr'><strong>Verr.</strong></span> <span class='ocrx_word' id='word_1_191' title='bbox 861 3107 921 3170; x_wconf 85' lang='lat' dir='ltr'><strong>oct.</strong></span> <span class='ocrx_word' id='word_1_192' title='bbox 938 3103 970 3168; x_wconf 92' lang='lat' dir='ltr'><strong>ll</strong></span> <span class='ocrx_word' id='word_1_193' title='bbox 985 3121 1030 3169; x_wconf 91' lang='lat' dir='ltr'><strong>or.</strong></span> <span class='ocrx_word' id='word_1_194' title='bbox 1047 3101 1091 3167; x_wconf 90' lang='lat' dir='ltr'><strong>IV</strong></span> <span class='ocrx_word' id='word_1_195' title='bbox 1113 3100 1155 3185; x_wconf 59' lang='grc' dir='ltr'>ᾗῇ</span> <span class='ocrx_word' id='word_1_196' title='bbox 1171 3100 1223 3177; x_wconf 89' lang='grc'><strong>36,</strong></span> <span class='ocrx_word' id='word_1_197' title='bbox 1238 3099 1302 3184; x_wconf 78' lang='lat'><strong>42).</strong></span> 
     </span>
    </p>

    <p class='ocr_par' dir='ltr' id='par_1_6' title="bbox 77 3208 1320 3635">
     <span class='ocr_line' id='line_1_25' title="bbox 169 3208 1320 3301; baseline 0.002 -25"><span class='ocrx_word' id='word_1_198' title='bbox 169 3210 392 3279; x_wconf 84' lang='lat' dir='ltr'><strong>Verumtamen</strong></span> <span class='ocrx_word' id='word_1_199' title='bbox 414 3216 446 3278; x_wconf 90' lang='lat' dir='ltr'><strong>et</strong></span> <span class='ocrx_word' id='word_1_200' title='bbox 468 3213 721 3298; x_wconf 89' lang='lat' dir='ltr'><strong>inscriptionibus</strong></span> <span class='ocrx_word' id='word_1_201' title='bbox 745 3217 787 3301; x_wconf 90' lang='lat' dir='ltr'><strong>(n.</strong></span> <span class='ocrx_word' id='word_1_202' title='bbox 806 3217 866 3281; x_wconf 81' lang='lat'><strong>175</strong></span> <span class='ocrx_word' id='word_1_203' title='bbox 889 3215 971 3300; x_wconf 86' lang='lat' dir='ltr'><strong>sqq.)</strong></span> <span class='ocrx_word' id='word_1_204' title='bbox 1000 3219 1032 3281; x_wconf 87' lang='lat' dir='ltr'><strong>et</strong></span> <span class='ocrx_word' id='word_1_205' title='bbox 1061 3219 1200 3280; x_wconf 88' lang='lat' dir='ltr'><strong>veterum</strong></span> <span class='ocrx_word' id='word_1_206' title='bbox 1231 3208 1320 3278; x_wconf 85' lang='lat' dir='ltr'><strong>scri·&#39;</strong></span> 
     </span>
     <span class='ocr_line' id='line_1_26' title="bbox 82 3322 1301 3414; baseline 0.002 -26"><span class='ocrx_word' id='word_1_207' title='bbox 82 3327 208 3402; x_wconf 81' lang='lat' dir='ltr'><strong>piorum</strong></span> <span class='ocrx_word' id='word_1_208' title='bbox 232 3322 323 3389; x_wconf 90' lang='lat' dir='ltr'><strong>dictis</strong></span> <span class='ocrx_word' id='word_1_209' title='bbox 344 3325 521 3410; x_wconf 82' lang='lat' dir='ltr'><strong>probatur,</strong></span> <span class='ocrx_word' id='word_1_210' title='bbox 552 3327 1012 3414; x_wconf 86' lang='lat' dir='ltr'><strong>praecipueoelcberrimorum</strong></span> <span class='ocrx_word' id='word_1_211' title='bbox 1034 3323 1187 3392; x_wconf 83' lang='lat' dir='ltr'><strong>artificum</strong></span> <span class='ocrx_word' id='word_1_212' title='bbox 1210 3323 1301 3402; x_wconf 83' lang='lat' dir='ltr'><strong>Grae-</strong></span> 
     </span>
     <span class='ocr_line' id='line_1_27' title="bbox 80 3435 1303 3530; baseline 0.003 -33"><span class='ocrx_word' id='word_1_213' title='bbox 80 3449 191 3501; x_wconf 85' lang='lat' dir='ltr'><strong>corum</strong></span> <span class='ocrx_word' id='word_1_214' title='bbox 218 3435 343 3502; x_wconf 87' lang='lat' dir='ltr'><strong>nomine</strong></span> <span class='ocrx_word' id='word_1_215' title='bbox 373 3438 526 3520; x_wconf 84' lang='lat' dir='ltr'><strong>operibus</strong></span> <span class='ocrx_word' id='word_1_216' title='bbox 548 3438 689 3521; x_wconf 88' lang='lat' dir='ltr'><strong>subjecta</strong></span> <span class='ocrx_word' id='word_1_217' title='bbox 719 3439 803 3520; x_wconf 85' lang='lat' dir='ltr'><strong>esse,</strong></span> <span class='ocrx_word' id='word_1_218' title='bbox 832 3440 922 3520; x_wconf 86' lang='lat' dir='ltr'><strong>cujus</strong></span> <span class='ocrx_word' id='word_1_219' title='bbox 952 3437 998 3530; x_wconf 83' lang='lat' dir='ltr'><strong>rei</strong></span> <span class='ocrx_word' id='word_1_220' title='bbox 1027 3436 1126 3520; x_wconf 87' lang='lat' dir='ltr'><strong>testis</strong></span> <span class='ocrx_word' id='word_1_221' title='bbox 1148 3435 1303 3502; x_wconf 82' lang='lat' dir='ltr'><strong>Martialis</strong></span> 
     </span>
     <span class='ocr_line' id='line_1_28' title="bbox 77 3541 813 3635; baseline 0.003 -23"><span class='ocrx_word' id='word_1_222' title='bbox 77 3541 137 3626; x_wconf 88' lang='lat' dir='ltr'><strong>IX,</strong></span> <span class='ocrx_word' id='word_1_223' title='bbox 161 3547 204 3610; x_wconf 84' lang='lat'><strong>44</strong></span> <span class='ocrx_word' id='word_1_224' title='bbox 226 3547 287 3628; x_wconf 86' lang='lat' dir='ltr'><strong>(ofi.</strong></span> <span class='ocrx_word' id='word_1_225' title='bbox 312 3546 503 3614; x_wconf 83' lang='lat' dir='ltr'><strong>Schneidew.</strong></span> <span class='ocrx_word' id='word_1_226' title='bbox 527 3587 567 3597; x_wconf 91' lang='lat'>—</span> <span class='ocrx_word' id='word_1_227' title='bbox 591 3569 650 3616; x_wconf 91' lang='lat' dir='ltr'><strong>sor.</strong></span> <span class='ocrx_word' id='word_1_228' title='bbox 674 3551 743 3635; x_wconf 80' lang='lat'><strong>23):</strong></span> <span class='ocrx_word' id='word_1_229' title='bbox 808 3544 813 3550; x_wconf 76' lang='grc'><strong>“</strong></span> 
     </span>
    </p>

    <p class='ocr_par' dir='ltr' id='par_1_7' title="bbox 343 3659 1001 3748">
     <span class='ocr_line' id='line_1_29' title="bbox 343 3659 1001 3748; baseline 0.006 -25"><span class='ocrx_word' id='word_1_230' title='bbox 343 3659 493 3743; x_wconf 88' lang='lat' dir='ltr'><strong>inscripta</strong></span> <span class='ocrx_word' id='word_1_231' title='bbox 516 3667 565 3728; x_wconf 90' lang='lat' dir='ltr'><strong>cst</strong></span> <span class='ocrx_word' id='word_1_232' title='bbox 587 3663 671 3730; x_wconf 89' lang='lat' dir='ltr'><strong>basis</strong></span> <span class='ocrx_word' id='word_1_233' title='bbox 692 3663 870 3748; x_wconf 89' lang='lat' dir='ltr'><strong>indicatque</strong></span> <span class='ocrx_word' id='word_1_234' title='bbox 890 3680 1001 3730; x_wconf 86' lang='lat' dir='ltr'><strong>nomeu</strong></span> 
     </span>
    </p>

    <p class='ocr_par' dir='ltr' id='par_1_8' title="bbox 74 3771 1305 4083">
     <span class='ocr_line' id='line_1_30' title="bbox 342 3771 892 3860; baseline 0.011 -26"><span class='ocrx_word' id='word_1_235' title='bbox 342 3771 500 3838; x_wconf 79' lang='grc' dir='ltr'><strong><em>Λυσίππου</em></strong></span> <span class='ocrx_word' id='word_1_236' title='bbox 522 3772 601 3858; x_wconf 81' lang='lat' dir='ltr'><strong>lego,</strong></span> <span class='ocrx_word' id='word_1_237' title='bbox 624 3775 753 3843; x_wconf 81' lang='lat' dir='ltr'><strong>Phidiae</strong></span> <span class='ocrx_word' id='word_1_238' title='bbox 774 3775 892 3860; x_wconf 78' lang='lat' dir='ltr'><strong>putavi.</strong></span> 
     </span>
     <span class='ocr_line' id='line_1_31' title="bbox 74 3875 1305 3967; baseline 0.006 -24"><span class='ocrx_word' id='word_1_239' title='bbox 74 3875 195 3962; x_wconf 82' lang='lat' dir='ltr'><strong>Neque</strong></span> <span class='ocrx_word' id='word_1_240' title='bbox 217 3898 334 3961; x_wconf 87' lang='lat' dir='ltr'><strong>omues,</strong></span> <span class='ocrx_word' id='word_1_241' title='bbox 358 3887 395 3950; x_wconf 90' lang='lat' dir='ltr'><strong>ut</strong></span> <span class='ocrx_word' id='word_1_242' title='bbox 410 3883 529 3952; x_wconf 90' lang='lat' dir='ltr'><strong>Plinius</strong></span> <span class='ocrx_word' id='word_1_243' title='bbox 544 3884 698 3953; x_wconf 80' lang='lat' dir='ltr'><strong>caecilius</strong></span> <span class='ocrx_word' id='word_1_244' title='bbox 720 3887 903 3962; x_wconf 47' lang='lat' dir='ltr'><strong>secundus&amp;</strong></span> <span class='ocrx_word' id='word_1_245' title='bbox 925 3904 995 3953; x_wconf 88' lang='lat' dir='ltr'><strong>curn</strong></span> <span class='ocrx_word' id='word_1_246' title='bbox 1014 3884 1151 3967; x_wconf 88' lang='lat' dir='ltr'><strong>aliquam</strong></span> <span class='ocrx_word' id='word_1_247' title='bbox 1167 3887 1305 3951; x_wconf 91' lang='lat' dir='ltr'><strong>statuam</strong></span> 
     </span>
     <span class='ocr_line' id='line_1_32' title="bbox 74 3988 1304 4083; baseline 0.004 -27"><span class='ocrx_word' id='word_1_248' title='bbox 74 3989 281 4072; x_wconf 75' lang='lat' dir='ltr'><strong>deficerent,</strong></span> <span class='ocrx_word' id='word_1_249' title='bbox 309 3997 445 4062; x_wconf 87' lang='lat' dir='ltr'><strong>auctoris</strong></span> <span class='ocrx_word' id='word_1_250' title='bbox 467 4016 579 4064; x_wconf 90' lang='lat' dir='ltr'><strong>nomen</strong></span> <span class='ocrx_word' id='word_1_251' title='bbox 601 3988 823 4083; x_wconf 68' lang='lat' dir='ltr'><strong>neglexerunt,</strong></span> <span class='ocrx_word' id='word_1_252' title='bbox 853 3999 948 4064; x_wconf 91' lang='lat' dir='ltr'><strong>immo</strong></span> <span class='ocrx_word' id='word_1_253' title='bbox 976 3995 1101 4081; x_wconf 86' lang='lat' dir='ltr'><strong>saepius</strong></span> <span class='ocrx_word' id='word_1_254' title='bbox 1129 3999 1213 4064; x_wconf 91' lang='lat' dir='ltr'><strong>certe</strong></span> <span class='ocrx_word' id='word_1_255' title='bbox 1239 3999 1304 4061; x_wconf 86' lang='lat' dir='ltr'><strong>tam</strong></span> 
     </span>
    </p>
   </div>
   <div class='ocr_carea' id='block_1_3' title="bbox 75 4247 1304 4496">
    <p class='ocr_par' dir='ltr' id='par_1_9' title="bbox 75 4247 1304 4496">
     <span class='ocr_line' id='line_1_33' title="bbox 155 4247 1303 4324; baseline 0.004 -25"><span class='ocrx_word' id='word_1_256' title='bbox 155 4249 165 4288; x_wconf 86' lang='lat'>¹</span> <span class='ocrx_word' id='word_1_257' title='bbox 180 4247 219 4301; x_wconf 82' lang='lat' dir='ltr'><strong>De</strong></span> <span class='ocrx_word' id='word_1_258' title='bbox 230 4249 398 4306; x_wconf 84' lang='lat' dir='ltr'><strong>Bomsnornsn</strong></span> <span class='ocrx_word' id='word_1_259' title='bbox 417 4270 520 4322; x_wconf 80' lang='lat' dir='ltr'><strong>operum</strong></span> <span class='ocrx_word' id='word_1_260' title='bbox 534 4255 724 4309; x_wconf 78' lang='lat' dir='ltr'><strong>collectionibus</strong></span> <span class='ocrx_word' id='word_1_261' title='bbox 737 4257 860 4324; x_wconf 76' lang='lat' dir='ltr'><strong>Bbttigor.</strong></span> <span class='ocrx_word' id='word_1_262' title='bbox 877 4271 931 4323; x_wconf 74' lang='lat' dir='ltr'><strong>gas.</strong></span> <span class='ocrx_word' id='word_1_263' title='bbox 946 4253 1015 4306; x_wconf 80' lang='lat' dir='ltr'><strong>Scins.</strong></span> <span class='ocrx_word' id='word_1_264' title='bbox 1034 4271 1060 4319; x_wconf 91' lang='lat' dir='ltr'><strong>p.</strong></span> <span class='ocrx_word' id='word_1_265' title='bbox 1073 4254 1097 4308; x_wconf 86' lang='lat'><strong>8.</strong></span> <span class='ocrx_word' id='word_1_266' title='bbox 1116 4252 1201 4305; x_wconf 75' lang='lat' dir='ltr'><strong>lindis.</strong></span> <span class='ocrx_word' id='word_1_267' title='bbox 1213 4253 1303 4305; x_wconf 75' lang='lat' dir='ltr'><strong>Fried-</strong></span> 
     </span>
     <span class='ocr_line' id='line_1_34' title="bbox 75 4329 1303 4410; baseline 0.007 -27"><span class='ocrx_word' id='word_1_268' title='bbox 75 4329 195 4386; x_wconf 76' lang='lat' dir='ltr'><strong>lssnder.</strong></span> <span class='ocrx_word' id='word_1_269' title='bbox 228 4335 368 4400; x_wconf 75' lang='lat' dir='ltr'><strong>Kuustsiun</strong></span> <span class='ocrx_word' id='word_1_270' title='bbox 387 4341 432 4393; x_wconf 85' lang='lat' dir='ltr'><strong>fier</strong></span> <span class='ocrx_word' id='word_1_271' title='bbox 448 4341 541 4394; x_wconf 82' lang='lat' dir='ltr'><strong>Romer</strong></span> <span class='ocrx_word' id='word_1_272' title='bbox 556 4359 582 4410; x_wconf 89' lang='lat' dir='ltr'><strong>p.</strong></span> <span class='ocrx_word' id='word_1_273' title='bbox 595 4343 628 4398; x_wconf 83' lang='lat'><strong>33</strong></span> <span class='ocrx_word' id='word_1_274' title='bbox 647 4360 702 4410; x_wconf 90' lang='lat' dir='ltr'><strong>sqq.</strong></span> <span class='ocrx_word' id='word_1_275' title='bbox 722 4341 754 4394; x_wconf 69' lang='grc' dir='ltr'><strong>οἰ.</strong></span> <span class='ocrx_word' id='word_1_276' title='bbox 777 4341 806 4395; x_wconf 81' lang='lat'><strong>0.</strong></span> <span class='ocrx_word' id='word_1_277' title='bbox 825 4341 853 4394; x_wconf 76' lang='lat' dir='ltr'><strong>F.</strong></span> <span class='ocrx_word' id='word_1_278' title='bbox 871 4340 1008 4396; x_wconf 86' lang='lat' dir='ltr'><strong>Hermann.</strong></span> <span class='ocrx_word' id='word_1_279' title='bbox 1043 4339 1125 4392; x_wconf 82' lang='lat' dir='ltr'><strong>Ueber</strong></span> <span class='ocrx_word' id='word_1_280' title='bbox 1142 4339 1190 4392; x_wconf 80' lang='lat' dir='ltr'><strong>dea</strong></span> <span class='ocrx_word' id='word_1_281' title='bbox 1207 4339 1303 4391; x_wconf 85' lang='lat' dir='ltr'><strong>Kuust·</strong></span> 
     </span>
     <span class='ocr_line' id='line_1_35' title="bbox 77 4418 1304 4496; baseline 0.01 -27"><span class='ocrx_word' id='word_1_282' title='bbox 77 4420 142 4470; x_wconf 71' lang='lat' dir='ltr'><strong>siun</strong></span> <span class='ocrx_word' id='word_1_283' title='bbox 160 4418 205 4470; x_wconf 82' lang='lat' dir='ltr'><strong>der</strong></span> <span class='ocrx_word' id='word_1_284' title='bbox 221 4419 314 4474; x_wconf 72' lang='lat' dir='ltr'><strong>Rumor</strong></span> <span class='ocrx_word' id='word_1_285' title='bbox 330 4443 355 4492; x_wconf 90' lang='lat' dir='ltr'><strong>p.</strong></span> <span class='ocrx_word' id='word_1_286' title='bbox 369 4427 403 4482; x_wconf 84' lang='grc'><strong>60</strong></span> <span class='ocrx_word' id='word_1_287' title='bbox 420 4445 474 4495; x_wconf 87' lang='lat' dir='ltr'><strong>sqq.</strong></span> <span class='ocrx_word' id='word_1_288' title='bbox 494 4428 552 4480; x_wconf 90' lang='lat' dir='ltr'><strong>inde</strong></span> <span class='ocrx_word' id='word_1_289' title='bbox 569 4428 615 4480; x_wconf 87' lang='lat' dir='ltr'><strong>ille</strong></span> <span class='ocrx_word' id='word_1_290' title='bbox 633 4429 761 4496; x_wconf 72' lang='lat' dir='ltr'><strong>Eutyches</strong></span> <span class='ocrx_word' id='word_1_291' title='bbox 787 4427 941 4481; x_wconf 76' lang='lat' dir='ltr'><strong>»officinrtor</strong></span> <span class='ocrx_word' id='word_1_292' title='bbox 964 4445 979 4478; x_wconf 84' lang='lat' dir='ltr'><strong>s</strong></span> <span class='ocrx_word' id='word_1_293' title='bbox 996 4426 1103 4479; x_wconf 82' lang='lat' dir='ltr'><strong>statuis·</strong></span> <span class='ocrx_word' id='word_1_294' title='bbox 1128 4436 1154 4480; x_wconf 87' lang='lat' dir='ltr'><strong>et</strong></span> <span class='ocrx_word' id='word_1_295' title='bbox 1170 4426 1304 4493; x_wconf 71' lang='lat' dir='ltr'><strong>ngrypuu</strong></span> 
     </span>
    </p>
   </div>
   <div class='ocr_carea' id='block_1_4' title="bbox 80 4507 1304 4650">
    <p class='ocr_par' dir='ltr' id='par_1_10' title="bbox 80 4507 1304 4650">
     <span class='ocr_line' id='line_1_36' title="bbox 80 4507 1304 4650; baseline 0.006 -93"><span class='ocrx_word' id='word_1_296' title='bbox 80 4507 352 4650; x_wconf 48' lang='grc' dir='ltr'><strong>ΞιῶιιιιιιὲὁὸΒὸιιίς.</strong></span> <span class='ocrx_word' id='word_1_297' title='bbox 372 4513 388 4564; x_wconf 89' lang='lat' dir='ltr'><strong>l.</strong></span> <span class='ocrx_word' id='word_1_298' title='bbox 407 4513 424 4564; x_wconf 94' lang='lat' dir='ltr'><strong>l.</strong></span> <span class='ocrx_word' id='word_1_299' title='bbox 444 4513 476 4568; x_wconf 82' lang='lat' dir='ltr'><strong>R.</strong></span> <span class='ocrx_word' id='word_1_300' title='bbox 495 4515 607 4568; x_wconf 81' lang='lat' dir='ltr'><strong>Roobett</strong></span> <span class='ocrx_word' id='word_1_301' title='bbox 626 4515 708 4569; x_wconf 83' lang='lat' dir='ltr'><strong>lettre.</strong></span> <span class='ocrx_word' id='word_1_302' title='bbox 727 4533 752 4582; x_wconf 91' lang='lat' dir='ltr'><strong>p.</strong></span> <span class='ocrx_word' id='word_1_303' title='bbox 768 4515 816 4570; x_wconf 83' lang='lat'><strong>185</strong></span> <span class='ocrx_word' id='word_1_304' title='bbox 836 4517 933 4572; x_wconf 77' lang='lat' dir='ltr'><strong>mist</strong></span> <span class='ocrx_word' id='word_1_305' title='bbox 953 4514 1036 4570; x_wconf 80' lang='lat' dir='ltr'><strong>uotb</strong></span> <span class='ocrx_word' id='word_1_306' title='bbox 1058 4513 1089 4568; x_wconf 74' lang='lat' dir='ltr'><strong>ci·</strong></span> <span class='ocrx_word' id='word_1_307' title='bbox 1106 4511 1235 4568; x_wconf 73' lang='lat' dir='ltr'><strong>tumui·</strong></span> <span class='ocrx_word' id='word_1_308' title='bbox 1257 4519 1304 4564; x_wconf 75' lang='lat' dir='ltr'><strong>sut</strong></span> 
     </span>
     <span class='ocr_line' id='line_1_37' title="bbox 165 4609 265 4649; baseline 0.01 -1"><span class='ocrx_word' id='word_1_309' title='bbox 165 4609 187 4643; x_wconf 80' lang='lat' dir='ltr'><strong>v·</strong></span> <span class='ocrx_word' id='word_1_310' title='bbox 259 4635 265 4649; x_wconf 90' lang='lat'><strong>.</strong></span> 
     </span>
    </p>
   </div>
   <div class='ocr_carea' id='block_1_5' title="bbox 154 4678 432 4748">
    <p class='ocr_par' dir='ltr' id='par_1_11' title="bbox 154 4678 432 4748">
     <span class='ocr_line' id='line_1_38' title="bbox 154 4678 432 4748; baseline 0.004 -19"><span class='ocrx_word' id='word_1_311' title='bbox 154 4678 259 4747; x_wconf 77' lang='lat' dir='ltr'><strong>,spat</strong></span> <span class='ocrx_word' id='word_1_312' title='bbox 278 4683 323 4748; x_wconf 89' lang='lat'>111,</span> <span class='ocrx_word' id='word_1_313' title='bbox 341 4689 365 4742; x_wconf 85' lang='lat'><strong>6.</strong></span> <span class='ocrx_word' id='word_1_314' title='bbox 428 4711 432 4730; x_wconf 63' lang='grc' dir='ltr'>ι</span> 
     </span>
    </p>
   </div>
   <div class='ocr_carea' id='block_1_6' title="bbox 0 0 1679 5378">
    <p class='ocr_par' dir='ltr' id='par_1_12' title="bbox 0 0 1679 5378">
     <span class='ocr_line' id='line_1_39' title="bbox 0 0 1679 5378; baseline 0 0"><span class='ocrx_word' id='word_1_315' title='bbox 0 0 1679 5378; x_wconf 95' lang='lat' dir='ltr'><strong> </strong></span> 
     </span>
    </p>
   </div>
  </div>
 </body>
</html>
