3330 5378
826 451 1037 516 -10..

323 639 519 724 temporibus
544 640 666 707 deletae
688 641 766 720 sint,
794 638 928 706 describi
957 657 1019 704 non
1047 645 1166 721 potest:
1196 637 1275 706 aliae
1303 644 1387 707 certe
1416 639 1542 720 tractae,

323 751 466 820 aliaead
491 750 608 818 calcem
631 751 824 834 coquendam
840 753 1041 833 consumptae
1056 757 1145 833 sunt;
1167 769 1260 834 quam
1277 752 1394 836 multae
1410 751 1543 834 denique

323 864 499 932 etiamnunc
522 863 581 929 sub
606 867 691 928 terra
708 864 836 946 jaccant
858 861 1013 945 sepultae!
1060 891 1063 894 ·

407 977 450 1041 At
470 975 607 1076 Romani
630 969 732 1040 nonnc
755 973 868 1041 statuis
890 973 931 1038 in
944 973 1068 1070 ltaliam
1090 973 1201 1050 delatis
1227 978 1391 1042 auctorum
1407 975 1544 1042 'nomine

322 1087 424 1154 denno
447 1087 681 1170 subscripsere?
703 1085 759 1152 sed
782 1085 971 1164 memineris,
995 1084 1178 1168 plerumque
1199 1085 1289 1152 bellis
1311 1084 1406 1152 finitis
1422 1089 1542 1153 statuas
1616 1163 1618 1168 ,

321 1203 428 1282 raptas
450 1216 519 1264 esse
553 1195 643 1264 »belli
672 1196 747 1279 lege
778 1201 872 1278 atque
901 1193 1064 1278 imperatio
1087 1196 1177 1278 jure«
1209 1193 1285 1278 (Cic.
1309 1196 1397 1263 Verr.
1428 1203 1488 1266 act.
1512 1198 1543 1264 II

270 1367 275 1380 .
321 1327 366 1376 or.
388 1312 404 1373 1
429 1309 536 1394 §bii1
566 1329 585 1375 a
611 1309 751 1384 ducibus,
774 1326 906 1389 quorum
930 1307 1024 1373 animi
1045 1307 1076 1373 in
1099 1307 1131 1372 id
1152 1308 1252 1375 solum
1274 1309 1486 1390 intendebant
1509 1315 1544 1376 ut

322 1427 354 1489 et
375 1421 548 1504 triumphos
571 1438 650 1488 suos
682 1417 847 1503 magnifice
873 1423 1021 1486 ornarent
1048 1422 1081 1485 et
1108 1418 1296 1501 reipublicae
1324 1420 1455 1504 gloriam
1484 1427 1544 1512 tot

321 1532 467 1615 operibus
489 1533 590 1615 captis
614 1536 783 1616 augerent,
815 1532 900 1613 quod
923 1529 1077 1598 artificum
1099 1531 1226 1598 nomina
1253 1513 1338 1600 certe
1365 1550 1428 1599 uon
1456 1533 1543 1619 adju·

320 1645 452 1721 sissent,
480 1644 594 1728 quippe
623 1661 704 1726 quae
735 1661 855 1728 omnes
871 1643 1003 1709 Romani
1032 1627 1220 1724 ignorarent.
1270 1643 1414 1711 Fortuna·
1438 1649 1543 1711 autern

320 1754 451 1823 fautrice
473 1756 549 1822 satis
572 1755 676 1822 edocti
697 1773 827 1836 sumus*
841 1773 904 1837 qua
926 1754 1049 1820 ratione
1063 1754 1273 1850 Rumamrum
1289 1755 1384 1824 duces
1399 1755 1432 1824 iu
1447 1756 1543 1840 signis

320 1865 523 1936 inscribendis
544 1867 593 1936 usi
615 1867 690 1933 sint.
730 1866 838 1934 Cicero
858 1846 987 1933 enim'in
1003 1865 1091 1932 verr.
1109 1867 1313 1933 aet.110r.1.
1329 1867 1399 1952 §57
1422 1869 1457 1934 Ρ.
1474 1869 1543 1937 Ser·

249 2007 250 2010 ¹
319 1979 427 2046 uilium
442 1979 565 2047 Vatiam
591 1975 776 2060 Isauricum,
799 1997 892 2062 quem
914 1978 1039 2046 circiter
1060 1996 1142 2046 auno
1158 1980 1199 2043 74
1215 1998 1243 2045 a.
1260 1977 1333 2046 Chr.
1357 1979 1433 2065 (680
1453 1999 1481 2046 a
1498 1981 1541 2066 u.)

236 2122 244 2162 ·,
320 2092 359 2158 de
382 2090 501 2158 Isauris
524 2096 556 2156 et
578 2088 693 2157 Ciliciis
716 2090 832 2174 piratis
854 2089 1067 2175 triumphasse
1090 2096 1229 2173 constat,
1252 2092 1380 2159 summis
1399 2093 1542 2160 laudibus

319 2202 446 2284 extulit,
476 2202 552 2286 quia
574 2202 665 2288 signa
686 2208 719 2270 et
741 2209 929 2270 ornamenta
955 2210 1048 2288 capta
1070 2204 1101 2270 in
1124 2200 1247 2272 tabulas
1269 2205 1410 2288 publicas
1432 2205 1475 2278 ad
1495 2225 1542 2273 aa

320 2317 436 2384 rarium
457 2315 683 2399 perscribenda
698 2322 855 2384 curasset.
898 2317 1018 2385 Deinde
1040 2317 1147 2385 relatis
1169 2318 1342 2385 rationibus
1363 2318 1397 2385 Ρ.
1421 2317 1542 2386 Servilii

258 2439 261 2448 ’
286 2429 287 2432 ’
319 2431 397 2497 haec
419 2427 514 2494 dixit:
540 2447 623 2495 »nou
646 2427 747 2497 solum
768 2447 943 2511 numerum,
969 2429 1025 2495 sed
1048 2429 1141 2497 etiam
1164 2430 1408 2515 uniuscujusque
1425 2431 1542 2516 magni-

320 2542 474 2622 tudinem,
504 2538 650 2624 liguram‚
683 2545 803 2608 statum
830 2541 948 2608 litteris
978 2540 1098 2608 definiri
1125 2541 1250 2617 vidas;‹
1287 2549 1362 2610 saue
1390 2541 1543 2610 artifiem

319 2654 445 2720 nomina
465 2652 515 2720 vir
535 2654 588 2721 ille
609 2653 718 2721 bouus
741 2653 818 2720 nibil
841 2660 1017 2738 curaverat,
1039 2655 1094 2740 qui
1115 2674 1196 2740 quae
1218 2655 1332 2722 statuis
1354 2655 1454 2739 captis
1471 2657 1542 2723 sub·

320 2765 445 2852 scripsit
466 2767 642 2834 ostenditur
661 2767 724 2834 hoc
748 2767 841 2834 titulo
864 2764 912 2850 (C.
936 2769 961 2834 l.
985 2769 1038 2836 lat.
1060 2770 1077 2835 1
1098 2788 1128 2853 p.
1146 2767 1207 2834 559
1229 2767 1390 2853 n.1506):
1445 2845 1451 2867 .

777 2935 811 3002 P.
836 2932 987 3006 Servilius
1010 2930 1044 2998 (l.
1068 2930 1088 2997 i.

851 3064 1014 3130 Isauricus

789 3192 960 3277 imperator
982 3190 1073 3274 cepit.

408 3356 512 3439 Atque
535 3356 618 3422 idem
640 3355 706 3424 lere
728 3355 925 3440 inscripsisse
947 3354 1062 3421 statuis
1083 3353 1126 3418 ld.
1152 3349 1334 3420 Marcellum
1358 3350 1464 3418 Sicilia
1492 3352 1541 3418 de

240 3519 241 3522 ,
322 3468 404 3536 victa
427 3468 557 3534 docetur
577 3467 670 3534 titulo
691 3469 750 3532 531
773 3469 793 3534 l.
809 3467 830 3531 l.
852 3466 895 3532 M.
913 3464 1057 3532 Fulvium
1072 3463 1264 3532 Nobiliorem
1279 3463 1402 3532 Aetolia
1425 3463 1542 3531 domita

322 3579 413 3645 titulo
429 3579 519 3644 534².
557 3579 698 3645 Mummii
720 3579 805 3644 tituli
827 3582 901 3645 sunt
916 3577 1148 3643 541-546ae
1165 3595 1262 3660 propo
1275 3575 1403 3660 lapides,
1425 3576 1538 3664 quibus

321 3690 410 3757 incisi
432 3693 509 3757 sunt
531 3690 593 3756 duo
615 3690 700 3757 tituli
722 3690 798 3757 543:
1470 3717 1487 3740 ι

773 3838 808 3903 L.
833 3837 1002 3904 Mummius
1025 3853 1087 3904 cos.

898 3947 964 4016 vico

320 4087 382 4154 duo
404 4087 494 4170 signo
518 4086 606 4154 humi
623 4087 761 4169 jacentia
785 4086 1069 4155 »elaboratissimae
1083 4084 1256 4154 industrios
1271 4085 1480 4156 Graecorum«
1499 4086 1542 4153 vi-

378 4329 389 4368 1
403 4327 510 4381 Psussn.
529 4343 633 4396 quoque
642 4327 714 4390 Vlll,
724 4327 797 4390 46,4
814 4311 858 4380 ubi
876 4333 969 4379 antuus
987 4342 1004 4377 s
1020 4324 1153 4380 victoribus
1163 4329 1219 4396 jsm
1232 4326 1410 4395 antiquissimis
1422 4329 1540 4399 tempori-

319 4415 366 4467 bus
384 4421 467 4482 rsptss
485 4431 541 4467 osse
560 4413 637 4466 dixit:
659 4411 791 4478 βασιλεὺς
807 4413 856 4476 μὲν
876 4413 909 4484 δὴ
927 4410 1082 4481 Αὔγουστος
1099 4412 1288 4484 καθεστηκότα
1310 4412 1340 4464 ἐκ
1363 4412 1478 4467 παλαιοῦ
1499 4413 1541 4466 καὶ

320 4499 371 4552 ὑπό
387 4515 419 4552 τε
433 4495 561 4569 Ἑλλήνων
582 4498 742 4562 νομιζόμενα
759 4498 802 4552 sul
819 4497 974 4569 βαρβάρων
995 4498 1151 4568 sipyu'ouro.

390 4585 482 4639 ²sdds
500 4587 531 4639 ds
550 4585 626 4639 Rossi
643 4585 733 4642 bullat.
751 4587 801 4640 del.
820 4587 877 4640 inst.
897 4585 963 4639 arch.
983 4585 1049 4644 1869
1066 4587 1121 4658 ps
1139 4586 1171 4642 de
1188 4587 1243 4644 bui
1261 4586 1297 4649 ll.
1315 4587 1387 4646 Fulr.
1404 4586 1539 4642 Nobilioris

319 4690 398 4741 nuper
415 4681 523 4739 reperta
1485 4715 1490 4724 .
