3330 5378
665 467 874 542 --10-Ι

60 665 64 672 ·
159 653 266 736 simus,
288 654 466 736 persolvere
484 655 681 731 studeamns;
704 654 948 724 demonstrativa
964 658 1045 724 euim
1062 658 1287 742 epigrammata
1301 674 1377 724 num

160 784 245 842 mere
266 765 384 834 lusoria
407 766 527 834 nullum
551 783 642 834 usum
663 769 867 852 praebuerint
885 770 956 853 jure
978 769 1087 852 quaeri
1109 769 1216 853 possit.
1255 769 1301 836 Ac
1315 769 1377 854 pri·
1466 799 1467 802 ¹

159 895 243 944 mum
266 878 390 960 quidem
415 896 608 946 summorum
630 878 784 946 artificum
808 899 912 964 opera,
935 898 1005 947 cum
1028 880 1145 947 seriore
1167 886 1307 964 tempore
1327 879 1379 946 de-

160 989 355 1074 dicerentur,
386 991 618 1074 epigrammatis
641 997 752 1057 oruata
775 1009 844 1059 esse
871 991 988 1069 titulis,
1017 992 1071 1075 qui
1098 991 1316 1059 sustulit
1347 995 1380 1058 01

158 1103 290 1180 n.187,
318 1102 503 1170 ostenditur.
554 1103 675 1170 Deinde
701 1104 733 1170 in
764 1108 899 1174 mentem
927 1105 1013 1170 veuit
1042 1103 1199 1172 Ciceronis
1226 1103 1259 1170 in
1288 1103 1378 1170 Verr.

157 1219 218 1282 act.
236 1215 268 1280 11
290 1234 334 1281 or.
352 1215 395 1280 IV
418 1215 525 1298 1111,
551 1215 605 1282 ubi
628 1215 711 1282 dicta
733 1220 807 1282 suut
828 1216 918 1284 haec:
942 1221 1057 1300 »acque
1078 1215 1155 1284 baec
1170 1215 1295 1299 Sappho
1319 1213 1380 1298 (Si-

163 1326 294 1394 lanionis
318 1325 410 1410 opus)
437 1326 562 1394 sublata
584 1326 637 1410 (de
658 1328 803 1411 prytanio
825 1326 1104 1412 Syracusanorum)
1126 1332 1277 1410 quantum
1301 1325 1380 1395 desi·

159 1438 280 1510 derium
301 1437 351 1505 sui
372 1438 534 1522 reliquerit
555 1437 617 1504 dici
638 1437 689 1505 vin
710 1442 824 1522 potest.
866 1438 948 1506 Nam
971 1458 1068 1524 quum
1089 1439 1158 1523 ipsa
1179 1438 1240 1506 fuit
1254 1437 1380 1522 egregie

163 1549 248 1618 faeta
269 1554 336 1616 tum
361 1549 554 1634 epigramma
568 1547 723 1617 Graecum
745 1551 923 1634 pernobile¹
945 1551 1076 1618 incisum
1099 1557 1148 1620 est
1168 1551 1201 1619 iu
1215 1552 1303 1620 basi«
1321 1556 1379 1618 etc.

159 1663 283 1746 Seriane
311 1661 407 1746 igitur
435 1667 540 1731 aetate
569 1663 664 1730 rnoris
695 1681 764 1730 esse
792 1663 934 1740 videtur,
963 1668 999 1731 ut
1028 1665 1141 1732 statuis
1169 1682 1279 1732 versus
1307 1663 1381 1730 sub·

159 1775 381 1856 scriberentur,
403 1775 516 1860 quibus
539 1775 771 1872 delectarentur·
791 1776 931 1844 homiues
954 1777 1077 1843 eruditi.

245 1888 288 1952 Et
315 1887 398 1955 bunc
427 1906 519 1955 usum
548 1887 645 1956 fuisse
673 1888 842 1956 multorum
873 1888 1131 1984 epigrammatum
1161 1889 1381 1958 demonstrati·

159 2017 268 2066 vorum
291 1999 435 2082 conjicio,
462 2018 594 2084 quorum
617 1999 699 2068 sales
722 2000 904 2084 saepissime
927 2000 1133 2068 delectavisso
1154 2020 1216 2068 uon
1239 2006 1379 2084 possunt,

159 2111 219 2177 nisi
241 2117 332 2178 erant
353 2112 411 2179 sub
434 2113 581 2196 operibus
609 2112 789 2193 celebratis,
817 2113 882 2180 sive
905 2113 1074 2197 archetypa
1100 2114 1169 2198 ipsa
1197 2117 1298 2181 erant·
1315 2113 1381 2180 sive

159 2225 355 2308 exemplaria.
401 2225 452 2309 (cf.
476 2226 592 2292 anthol.
615 2224 702 2292 Plau.
726 2223 781 2307 IV,
804 2226 854 2306 54,
878 2225 929 2307 60,
953 2226 1024 2308 112,
1046 2209 1131 2310 257).

244 2337 386 2421 Denique
406 2357 446 2404 ue
468 2339 543 2421 quid
558 2338 747 2420 omittamus,
769 2344 807 2404 ut
820 2338 910 2404 multi
925 2355 1027 2406 mores
1043 2338 1249 2421 antiquissimi
1266 2337 1379 2405 infimis

158 2450 352 2532 temporibus
372 2454 583 2532 recurrerunt,
605 2452 651 2518 ita
666 2469 762 2534 opera
776 2451 825 2517 vel
841 2450 966 2518 minime
980 2450 1138 2518 laudanda
1152 2451 1192 2518 ab
1208 2449 1380 2518 artificibus

158 2561 235 2642 ipsis
257 2561 398 2628 versibus
420 2567 531 2630 ornata
552 2567 628 2631 sunt
649 2563 692 2648 (u.
710 2562 795 2647 134).

737 2939 807 3023 83.

160 3132 413 3225 1111111111Ιὸ
443 3131 518 3239 QUI
546 3133 712 3227 sonum
744 3133 971 3264 0111101111
1000 3134 1235 3228 COMPOSITI
1272 3133 1380 3228 SUNT

327 3293 330 3300 ⁴
678 3283 855 3379 saliua

246 3459 365 3534 Horum
387 3459 549 3528 titulorum
571 3463 634 3530 tria
655 3469 730 3531 sunt
751 3483 881 3548 genera:

315 3574 342 3634 1.
366 3572 475 3655 Tituli,
506 3575 537 3640 in
567 3575 680 3660 quibus
710 3575 845 3644 artifices
874 3593 909 3644 se
939 3575 1049 3643 fecisse
1078 3575 1173 3644 verbo
1204 3577 1300 3640 ποιεῖν
1329 3594 1381 3643 ex-

362 3691 554 3768 presserunt.

313 3796 342 3857 2.
365 3795 396 3862 iu
419 3797 533 3882 quibus
555 3799 660 3866 verbis
682 3797 785 3886 ἔργον,
808 3798 898 3890 τέχνη
924 3785 1185 3884 significaverunt

184 3957 188 3966 .
312 3907 342 3974 3.
365 3908 531 3992 inquibus
553 3909 627 3979 ’80118
648 3913 825 3980 8081181188
846 3912 895 3979 081
918 3916 1000 3984 suut.

756 4112 783 4174 1.

246 4242 283 4326 In
304 4242 405 4326 prima
427 4243 589 4312 titulorum
612 4245 712 4314 classe
733 4213 856 4313 summa
877 4251 926 4314 881
947 4246 1098 4314 sameas:
1129 4250 1225 4330 atque
1246 4246 1380 4332 primum

158 4352 297 4422 artifices
315 4355 491 4423 nominibus
514 4356 579 4423 suis
600 4358 730 4425 verbum
752 4357 884 4426 faciendi
908 4363 1030 4426 tantum
1045 4358 1241 4441 addiderunt,
1261 4357 1381 4422 ὁὸεῒνα

230 4525 282 4577 10.
300 4527 319 4579 1.
337 4527 404 4586 3555
421 4526 549 4596 Pergami:
569 4523 678 4591 Οὕνομᾰ
693 4545 745 4592 μευ
764 4524 880 4598 Σαπφὼ·
899 4530 997 4582 τόσσον
1016 4529 1196 4602 δ’ὒπερέσχον
1217 4529 1313 4583 ἀοιδῶν

565 4613 690 4684 θηλειῶν,
708 4615 815 4686 ἀνδρῶν
833 4617 915 4670 ὅσσον
934 4619 949 4670 ὁ
968 4613 1110 4690 Μαιονίόῂς

158 4698 228 4752 idem
245 4698 340 4751 asibel.
358 4698 414 4761 vu,
433 4701 465 4755 15
482 4699 514 4751 ci.
533 4697 666 4752 Bcnndori.
685 4701 702 4753 1.
720 4702 737 4756 1.
755 4719 780 4769 p.
793 4706 825 4759 49
844 4707 976 4760 818011.
1145 4775 1178 4828 φ
