3330 5378
637 456 847 522 ..25.κ

155 801 349 862 ARTIFIGIIS
368 801 412 861 IN
432 801 520 861 1811
540 801 588 860 ΕΤ
607 801 723 862 Aerem
743 800 859 862 mimis
878 799 1027 860 INSULIS
1046 799 1148 871 NATI,
1171 795 1327 868 QUORUM

402 896 531 956 TITULI
549 897 598 955 IN
617 895 775 957 ITALIA
794 896 957 956 REPER'II
977 895 1084 955 SUNT.

218 1024 287 1088 140.
306 1021 463 1110 Ἰσίδωρος
486 1023 658 1112 Νουμηνίου
681 1023 801 1110 Πάριος

217 1136 286 1199 141.
309 1133 415 1200 Ξένων
436 1133 580 1206 Ξένωνος
601 1137 649 1200 καί
671 1134 819 1224 Σωγένης
840 1135 1007 1223 Σωκράτοι
1040 1133 1151 1220 Πάριοι

218 1247 287 1312 142.
310 1246 492 1336 Μηνόδοτος
513 1249 561 1312 καί
582 1247 730 1324 Διόδοτος
751 1249 779 1310 ei
800 1245 937 1336 Βοηθοῦ
952 1245 1133 1335 Νικομηδεῖς

219 1360 288 1430 143.
306 1355 447 1443 Ἀγασίας
467 1357 628 1424 Δωσιδέυυ
646 1356 787 1446 Ἐφέσιος

219 1471 288 1535 144.
307 1467 503 1560 Ἡρακλείδης
526 1471 652 1555 Ἀγαύου
675 1471 816 1558 Ἐφέσιος
836 1473 885 1536 καί
901 1468 1062 1558 Ἆρμάτιος

219 1584 288 1666 147,
310 1603 338 1650 a.
362 1583 474 1674 Ζήνων
492 1583 722 1671 Ἀφροδεισιειίς

218 1696 287 1760 148.
311 1695 493 1768 Πενεσδεδς
514 1694 705 1767 Μενεσθέως
725 1695 954 1782 Ἀφροδεισιειίς

217 1807 287 1874 149.
310 1808 450 1899 Εὐτύγης
470 1803 624 1880 Βειδυνδς
645 1807 800 1897 τεγνείιης

511 2031 561 2104 IN
580 2031 763 2093 INSULIS
783 2032 837 2092 ΕΤ
857 2031 971 2092 Asll.

217 2165 287 2230 151.
310 2162 518 2252 Ἀνδραγάρας
538 2161 711 2250 Ἀριστείδα
728 2159 845 2234 Ῥόδιος

217 2277 286 2340 152.
312 2275 397 2341 θέων
419 2275 592 2365 Ἀντιοχείας
613 2276 662 2339 καί
683 2274 859 2363 Δημήτριος
878 2271 1054 2362 Δφρφτρίου
1071 2267 1188 2342 Ῥόδιος

216 2387 286 2476 154.
309 2386 493 2477 Ἀντιφάνης
517 2385 719 2474 θρασωνίδυυ
741 2385 862 2473 Πάριος
944 2451 945 2454 ,

217 2500 287 2564 157.
304 2495 482 2586 Ἡράκλειος

217 2610 287 2676 158.
311 2611 457 2697 Ἀγασίας
477 2609 655 2699 Μηνοφίλου
679 2608 819 2698 Ἐφέσιος

217 2723 287 2788 159.
310 2719 410 2794 Αὖλος
433 2721 643 2812 Παντυυλὴϊος

329 2923 331 2926 ’
431 2949 582 3011 mrem
601 2950 650 3010 m
669 2949 825 3011 mimi
845 2949 1054 3010 mercem.

218 3077 287 3142 166.
310 3073 475 3163 Στέφανος
495 3076 685 3150 Πασιτέλους
703 3076 852 3168 μαθητής

217 3188 287 3252 167.
311 3187 468 3260 Μενέλαος
489 3187 655 3276 Στεφάνου
677 3187 823 3279 μαθητής

216 3299 286 3364 168.
309 3299 458 3386 Πάαρκος
480 3299 671 3372 Κοσσούτιος
692 3300 823 3388 Κέρδων

217 3411 286 3475 169.
308 3409 444 3498 ’Πράτων

217 3522 287 3586 170.
311 3521 517 3611 Μηνόφαντος

216 3634 286 3697 171.
310 3632 501 3720 Φάυυρενάς

216 3746 285 3809 172.
311 3743 417 3817 Φιδίας
439 3748 487 3810 καί
508 3746 682 3832 Ἀμμώνιος
702 3747 879 3834 ἀμφότεροι
903 3747 1008 3812 Φιδίου
1050 3754 1054 3762 ’

216 3855 286 3921 173.
310 3855 416 3945 Ζηνάς
437 3856 657 3945 Ἀλεξάνδρου.

127 3995 242 4078 quibus
273 3995 355 4062 adde
384 3996 512 4079 Bupali,
542 3995 727 4078 Calamidis,
758 3996 913 4081 Myronis,
943 3995 1140 4076 Callimachi,
1171 3996 1351 4077 Democriti,

127 4107 303 4188 Praxitelis,
324 4106 499 4189 Zeuxiedis,
523 4107 711 4192 PolycratiS,
733 4107 924 4192 Sthennidie
947 4108 1088 4192 Lysippi,
1104 4107 1265 4174 TisicretIs
1280 4108 1351 4174 tilu-

127 4222 176 4288 los
198 4220 280 4305 (eyll.
296 4221 357 4286 175
381 4220 479 4305 epp),
507 4239 586 4304 quos
605 4221 642 4288 'in
665 4220 758 4288 llelic
780 4221 912 4304 scriptos
935 4238 1004 4287 esse
1025 4219 1149 4288 scimus.

214 4330 250 4398 In
274 4333 348 4400 Asia
369 4332 476 4417 igitur,
498 4333 531 4400 in
554 4332 675 4414 insule,
697 4333 731 4413 in
753 4330 886 4400 Graecia
908 4333 977 4416 ipse
999 4336 1032 4398 et
1053 4331 1287 4416 antiquissimae
1309 4331 1353 4398 in·

128 4445 316 4529 scriptiones
338 4449 483 4529 repertae
504 4451 580 4513 sunt
601 4443 791 4530 imperfectis
810 4444 948 4528 insignes
964 4449 998 4512 et
1012 4443 1253 4525 recentissimae,
1277 4459 1355 4526 quae

128 4575 237 4626 omnes
259 4557 307 4624 vel
329 4558 428 4624 multo
450 4565 523 4641 poet
544 4558 584 4625 ol.
605 4558 666 4622 158
690 4557 826 4624 lorteese
848 4555 922 4623 inde
943 4575 963 4622 a
983 4557 1000 4622 I
1021 4574 1051 4639 p.
1075 4554 1148 4623 Chr.
1173 4554 1279 4623 seculo
1302 4556 1355 4641 (de

127 4670 246 4738 Meerci
269 4668 362 4735 titulo
386 4671 443 4735 111
469 4688 498 4734 v.
522 4668 591 4752 syll.
615 4669 656 4734 ed
672 4667 748 4752 111)
772 4667 905 4752 scriptas
928 4684 998 4736 esse
1019 4667 1275 4735 verisimillimum
1297 4671 1355 4738 este
