3330 5378
819 469 1030 536 „53-

397 662 542 729 Fuerunt
564 661 692 745 quidem
700 661 722 738 ¹,
744 659 798 744 qui
820 659 903 742 quod
926 664 1126 726 monumenta
1147 658 1272 742 publice
1295 659 1440 728 dedicata
1452 659 1541 726 haud

313 792 408 858 saepe
430 771 585 840 artificum
608 771 786 839 nominibus
808 770 959 854 inscripta
986 789 1056 852 esse
1086 769 1206 853 titulis,
1235 771 1288 853 qui
1317 777 1392 839 tunc
1421 771 1541 854 reperti

312 891 418 966 erant,
439 884 566 968 probari
588 884 768 959 videbatur,
790 883 852 966 legi
875 881 999 948 cuidam
1019 882 1216 963 tribuerent,
1239 901 1303 964 qua
1324 883 1423 951 acris
1444 883 1542 948 simu·

312 1000 406 1066 lucris
428 997 478 1065 vel
501 997 644 1064 omnihus
666 996 813 1080 operibus
841 993 964 1078 publice
992 994 1172 1062 dedicandis
1200 995 1326 1061 uomina
1352 995 1535 1063 adscribere

312 1115 456 1179 auctores
479 1112 570 1179 vetiti
592 1116 714 1194 essent,
742 1128 837 1192 quam
858 1111 960 1194 legem
981 1109 1078 1192 iuuisse
1100 1129 1157 1178 cur
1178 1129 1346 1196 negemus,
1373 1116 1407 1178 et
1430 1130 1470 1177 ex
1491 1110 1542 1190 iis,

312 1241 393 1306 quac
425 1223 518 1290 modo
552 1223 713 1307 disputato
746 1227 823 1289 sunt
854 1226 887 1289 et
919 1240 1000 1306 quac
1031 1241 1115 1290 nunc
1146 1227 1358 1306 exponantur,
1393 1221 1542 1306 cognosci

311 1341 425 1421 potest

398 1447 589 1532 Incipiamus
611 1467 631 1514 a
653 1447 812 1516 Ciceronis
834 1445 1022 1514 Tusculanu.
1047 1445 1179 1528 disputt
1202 1446 1365 1532 l.1§33,
1389 1446 1445 1515 uhi
1467 1446 1545 1514 scri-

311 1565 400 1643 ptor,
429 1578 499 1628 cum
522 1566 555 1628 et
575 1560 730 1645 principes
752 1566 785 1629 et
806 1565 917 1644 poetas
939 1558 1184 1626 immortalitatis
1207 1559 1337 1641 cupidos
1359 1577 1430 1626 esse
1458 1557 1544 1626 affir-

310 1671 461 1753 maverit,
490 1671 568 1738 haec
597 1672 735 1738 addidit:
768 1673 843 1739 »sed
872 1672 949 1756 quid
978 1671 1112 1754 poetas?
1146 1669 1272 1754 opifices
1302 1676 1375 1756 post
1403 1675 1540 1763 mortem

311 1782 471 1852 nobilitari
492 1784 616 1850 volunt:
646 1783 721 1868 quid
743 1785 828 1851 enim
850 1783 977 1851 Phidias
1000 1782 1049 1850 sui
1070 1782 1203 1850 similem
1233 1784 1368 1868 speciem
1398 1782 1546 1852 insolusit

311 1897 345 1962 in
367 1895 466 1980 clipeo
482 1896 651 1979 Minervae,
674 1913 745 1962 cum
767 1894 940 1963 inscribere
961 1914 1023 1962 uon
1044 1895 1194 1962 liceret?‹
1220 1914 1275 1978 pro
1295 1914 1359 1963 non
1372 1896 1546 1980 legendum

312 2007 562 2075 asserente.
594 2025 709 2076 nomen
737 2013 810 2090 post
838 2006 932 2088 ahos,
961 2025 1041 2091 quos
1069 2005 1176 2074 Odoir.
1201 2006 1323 2073 Miiller.
1353 2007 1547 2092 improbarit

314 2119 368 2205 (de
383 2118 515 2186 Phidiae
536 2120 604 2185 vita
624 2125 657 2186 ct
678 2119 825 2201 operibus
847 2137 878 2202 p.
892 2119 933 2184 29
949 2103 1013 2185 not.
1027 2118 1059 2202 a)
1079 2118 1116 2184 R.
1133 2117 1305 2186 Rochettus
1327 2119 1449 2186 censuit
1472 2120 1506 2206 (l.
1521 2122 1546 2187 l.

310 2250 341 2314 p.
358 2231 397 2295 21
422 2231 500 2315 sq.):
523 2231 626 2296 miuus
648 2237 738 2315 apte,
768 2235 804 2298 ut
826 2231 946 2314 opinor.
967 2233 972 2246 '
992 2230 1063 2297 Non
1085 2230 1167 2296 enim
1189 2248 1253 2314 qua
1279 2235 1348 2297 arte
1377 2233 1447 2315 quis
1477 2233 1547 2316 glo-

309 2343 390 2410 riam
413 2347 446 2409 et
467 2341 737 2410 immortalitatem
760 2347 882 2426 captet,
910 2341 961 2408 hic
982 2340 1096 2416 refert,
1127 2341 1183 2409 sed
1205 2359 1311 2408 omnes
1340 2348 1486 2426 captare;
1516 2346 1548 2412 si

311 2455 463 2537 scriptum
485 2459 570 2523 essct
591 2473 724 2536 nomen„
737 2455 984 2538 intelligeremus
999 2453 1142 2534 Phidiam
1164 2454 1197 2520 id
1212 2454 1410 2537 potissimum
1426 2457 1545 2539 egisse,

311 2572 348 2634 ut
369 2569 418 2634 sui
440 2568 545 2651 ipsius
562 2569 696 2649 speciem
718 2567 855 2650 posteris
878 2567 1034 2647 traderet,
1062 2566 1117 2634 sed
1141 2567 1173 2633 id
1195 2566 1373 2633 omnimodo
1397 2567 1478 2652 egit,
1507 2577 1548 2637 nt

310 2685 384 2763 post
405 2684 538 2746 mortem
561 2679 797 2760 nobilitaretur,
826 2681 934 2763 itaque
955 2697 1026 2745 cum
1047 2678 1218 2748 inscribere
1241 2696 1302 2745 non
1325 2678 1448 2760 liceret,
1479 2680 1547 2748 alia

310 2809 388 2858 usus
417 2795 467 2858 est
494 2791 626 2858 ratione.
672 2789 737 2856 Sed
758 2791 888 2858 Phidiae
916 2791 1087 2858 inscribere
1116 2809 1178 2857 non
1207 2791 1335 2857 hcuisse
1365 2791 1546 2860 Rochettus

312 2903 349 2987 (l.
369 2902 389 2967 l.
406 2922 436 2986 p.
449 2902 491 2966 24
513 2901 595 2986 sqq.)
617 2901 755 2985 negavit,
777 2902 861 2983 quod
884 2902 1074 2969 Plutarchus
1097 2901 1220 2986 (Pericl.
1236 2920 1266 2966 ι.
1280 2903 1333 2987 13)
1356 2902 1550 2973 tradidisset

312 3015 330 3078 ὁ
353 3013 389 3078 δὲ
405 3011 531 3084 Φειδίας
553 3012 714 3100 εἰργάζετο
734 3011 793 3097 μὲν
816 3017 872 3102 τῆς
892 3010 971 3078 θεοῦ
994 3014 1028 3078 τὸ
1041 3014 1182 3103 χρυσοῦν
1198 3012 1273 3085 ἕδος
1286 3015 1335 3080 καὶ
1350 3014 1550 3103 δημιουργὸς

311 3124 345 3191 ἐν
367 3133 408 3213 ιῇ
430 3125 527 3214 στήλῃ
551 3122 628 3188 εἶναι
649 3123 837 3211 γέγραπται,
866 3127 920 3194 ubi
942 3145 999 3194 nos
1021 3127 1148 3208 quidam
1171 3127 1362 3204 columnam,
1388 3128 1421 3193 in
1443 3145 1547 3212 quam

314 3238 452 3305 rationes
474 3237 667 3320 perscriptae
682 3241 782 3320 erant,
805 3237 1011 3321 significatum
1028 3256 1097 3306 esse
1112 3238 1299 3324 conjecimus
1316 3241 1358 3324 (p.
1369 3241 1409 3307 55
1423 3241 1548 3324 nott).

312 3351 536 3418 Verumtamen
559 3349 648 3417 nobis
671 3367 805 3434 quoque,
827 3356 864 3417 ut
878 3352 973 3419 ilatio
997 3352 1077 3438 (vite
1100 3351 1149 3419 de‘
1164 3351 1273 3435 pittori
1287 3352 1406 3419 antichi
1419 3372 1450 3435 p.
1467 3353 1548 3437 106)

314 3467 346 3529 et
369 3460 539 3542 Rochctto,
564 3459 672 3529 Cicero
695 3462 727 3527 in
749 3480 885 3530 errorem
909 3464 1055 3531 incidisse
1077 3464 1209 3531 videtur.
1257 3464 1340 3544 Quid
1361 3464 1446 3548 quod
1469 3464 1549 3531 Phi-

313 3573 380 3640 dias
402 3571 554 3640 Periclem
580 3591 704 3656 quoque
730 3580 922 3658 pugnantem
950 3577 981 3642 in
1010 3575 1108 3661 clipeo
1137 3576 1313 3658 expressit?
1341 3576 1425 3660 quod
1455 3583 1548 3645 certe

381 3754 441 3806 1Η.
457 3753 490 3805 Κ.
509 3755 539 3806 s.
556 3752 663 3806 Kohler.
686 3753 754 3806 Rhea
773 3754 949 3811 abillaeum
970 3755 1013 3809 boi
1036 3757 1085 3810 den
1103 3756 1228 3810 Gricchen
1251 3757 1391 3826 (Schriften
1417 3759 1442 3812 d.
1463 3759 1548 3813 Milu-

312 3841 403 3892 chener
424 3839 560 3893 Academia
580 3841 876 3911 1816·1tv1=ges.
902 3842 1031 3896 Schrilien
1054 3841 1172 3911 hersusg.
1196 3863 1217 3896 ι.
1244 3843 1369 3914 Stephani
1386 3844 1423 3896 vl
1445 3863 1471 3913 p.
1490 3848 1548 3904 245

312 3926 379 3994 sqq.)
398 3943 423 3994 p.
435 3926 495 3982 331.
513 3926 542 3980 F.
565 3926 595 3979 G.
608 3926 736 3980 welcher.
755 3927 813 3996 syll.
832 3946 856 3979 n.
871 3930 921 3984 120
938 3948 963 3998 p.
978 3930 1027 3986 168
1047 3947 1094 3994 ,ns
1111 3931 1138 3982 in
1156 3937 1296 3984 sulcorum
1315 3930 1416 4000 quidem
1435 3931 1548 3998 publice
1604 3953 1605 3956 ¹

314 4012 469 4064 decretarum
488 4013 570 4066 titulis
590 4013 692 4066 artificis
709 4031 801 4067 nomen
821 4014 928 4084 exprimi
953 4016 1074 4071 solebat.“
1117 4017 1283 4080 Quatrembre
1306 4017 1338 4068 dc
1357 4016 1470 4084 Quincy:
1492 4018 1547 4072 Ju-

313 4098 377 4165 piter
395 4098 435 4150 ol.
452 4117 478 4166 p.
490 4101 539 4154 241
563 4099 701 4152 artificibus
725 4101 864 4154 inscribere
886 4119 937 4153 non
960 4102 1063 4154 licuisse
1087 4102 1173 4155 voluit.
1214 4102 1306 4154 Paullo
1331 4103 1405 4154 alitor
1421 4101 1545 4158 belsonn-

314 4183 400 4250 (mdm.
419 4185 450 4237 dc
467 4185 558 4237 l’eced.
577 4187 622 4239 des
640 4186 714 4238 inser.
727 4186 785 4250 XV,
803 4189 820 4242 2
838 4206 862 4256 p.
879 4188 970 4254 lbi-8)
984 4188 1119 4255 judicavit,
1144 4189 1188 4257 qui
1212 4189 1248 4240 its
1270 4188 1420 4257 disputarit:
1445 4169 1478 4240 ex
1503 4191 1546 4244 in·

314 4271 509 4339 scriptionibus,
533 4289 598 4342 quee
616 4280 724 4325 celetem
742 4272 870 4336 tulerunt,
895 4272 1005 4327 dubitari
1023 4293 1073 4327 non
1096 4283 1194 4346 potest,
1218 4274 1279 4342 quin
1302 4273 1442 4328 smifioibue
1467 4275 1548 4332 iuuit

317 4359 467 4426 permissum
484 4360 587 4413 nomiae
605 4360 776 4411 monumentis
794 4358 896 4426 privatis
915 4360 953 4411 rel
972 4362 998 4412 in
1018 4361 1120 4428 templis
1138 4361 1287 4414 dedicandis
1300 4361 1436 4414 inscribere
1442 4379 1451 4421 ι
1472 4365 1548 4431 quod

315 4445 417 4514 quidem
435 4447 515 4500 tacere
532 4447 565 4502 eh
583 4444 738 4514 emptoribus
756 4447 838 4497 veteri
860 4453 995 4515 potnerunt
1021 4455 1046 4500 et
1069 4449 1173 4516 saepius
1200 4455 1267 4500 certe
1290 4446 1362 4500 vetiti
1386 4454 1460 4510 sunt,
1484 4467 1547 4504 eum

316 4531 420 4584 deorum
438 4532 571 4586 simulacre
587 4534 709 4586 iecissent
726 4533 752 4584 in
771 4532 872 4601 templis
890 4532 992 4600 publice
1010 4532 1164 4595 dedicendum
1183 4536 1255 4602 cujus
1267 4534 1304 4586 rei
1315 4533 1461 4602 exemplum
1474 4535 1542 4590 Phi·

316 4617 374 4669 diee
390 4617 483 4672 attulit.
519 4619 684 4673 hetronninm
703 4620 734 4672 13.
753 4619 891 4672 Rcchsttue
909 4620 936 4672 in
958 4620 1036 4686 libro,
1059 4621 1103 4692 qui
1125 4621 1262 4692 inscriptus
1284 4629 1323 4682 est
1346 4620 1480 4697 questions
1506 4624 1543 4682 de

316 4702 440 4757 l’histoire
458 4705 490 4758 dc
507 4703 571 4770 l'ert,
588 4708 625 4775 (p.
638 4707 737 4776 4-42)
754 4706 869 4764 callare
885 4705 990 4767 studuit
