3330 5378
688 467 881 532 ..3.-

177 679 260 727 nnnc
280 661 313 726 in
335 658 490 744 lapidibus
512 658 678 742 leguntur,
707 657 797 723 nobis
820 655 1025 723 consulendas
1048 674 1133 732 esse,
1162 655 1217 722 sed
1247 657 1341 723 etiam
1369 657 1397 722 si

177 788 256 853 quas
275 770 356 840 forte
378 777 501 840 veteres
524 770 694 853 scriptores
716 768 805 836 nobis
828 767 1041 835 tradidissent.
1078 769 1182 851 Atque
1204 787 1242 835 ex
1263 767 1311 832 his
1330 767 1398 849 qui·

178 883 248 952 dem
270 884 438 967 praecipue
459 882 492 949 in
514 886 653 949 nostram
676 898 743 947 rem
765 880 882 948 cadunt
902 880 1090 962 Pausanias,
1112 877 1246 963 Plinius,
1274 884 1395 964 poetae,

178 1010 311 1075 quornm
335 995 564 1079 epigrammata
583 989 716 1061 artificia
729 990 898 1070 celebrant,
921 992 959 1060 de
975 994 1088 1074 quibus
1102 1012 1185 1060 nnnc
1199 1011 1396 1075 exponemus.

262 1107 502 1190 Peropportune
523 1110 628 1176 antem
650 1105 817 1188 contingit,
839 1103 923 1185 quod
945 1105 984 1172 de
1007 1104 1262 1188 anthologiac
1283 1121 1397 1186 grae-

179 1237 248 1286 cae
270 1217 504 1302 epigrammatis
520 1216 556 1283 0.
572 1214 781 1284 Benndorfius
803 1222 981 1283 accuratam
998 1216 1213 1299 quaestionem
1233 1216 1396 1292 instituit1,

178 1331 233 1412 qni
254 1347 324 1396 cum
346 1329 520 1396 vetustiora
543 1329 768 1412 epigrammata
788 1326 826 1394 ad
843 1346 940 1395 unum
956 1327 1060 1394 omnia
1074 1346 1166 1394 veras
1180 1327 1397 1411 inscriptiones

179 1440 275 1509 inisse
290 1441 513 1520 constituisset,
529 1439 776 1506 demonstrativa
792 1438 1002 1523 (ἐπιδεικτικιί)
1018 1438 1072 1506 illa
1088 1440 1313 1524 epigrammata
1326 1445 1399 1523 post

180 1551 347 1619 Alexandri
369 1553 479 1636 Magni
499 1558 635 1620 aetatem
657 1551 800 1619 lectitata
822 1570 907 1618 mere
929 1552 1046 1619 lusoria
1065 1571 1134 1620 essa
1149 1553 1303 1634 probavit.
1340 1553 1398 1618 His

180 1663 276 1748 igitur
298 1664 431 1747 omissis,
453 1682 534 1750 quac
555 1681 656 1748 neque
679 1664 718 1731 ab
740 1661 912 1730 artificibus
927 1663 1003 1747 ipsis
1018 1663 1160 1745 proiecta
1174 1683 1275 1748 neque
1290 1681 1398 1731 eorum

180 1777 213 1843 in
240 1795 333 1844 nsum
362 1777 533 1860 composita
561 1779 651 1858 sunt,
678 1765 779 1859 pauca
807 1781 930 1843 tantum
958 1777 989 1842 in
1018 1782 1158 1844 nostram
1187 1775 1398 1843 collectionem

181 1889 354 1971 recepimus
377 1889 449 1972 (sor.
474 1889 504 1971 6,
528 1888 577 1970 13,
601 1889 650 1966 14,
674 1889 725 1969 25,
747 1888 812 1971 26.)
842 1888 965 1956 omnino
987 1887 1167 1956 Benndorfii
1190 1888 1307 1955 addicti
1330 1906 1399 1954 sen-

182 2000 310 2081 tentiae,
333 2001 393 2066 nisi
413 2001 496 2082 qnod
513 2000 552 2066 de
567 1999 691 2066 illorum
707 2000 1021 2068 demonstrativornm
1036 2001 1207 2068 carminum
1223 2019 1283 2067 usu
1297 2018 1398 2082 pauca

182 2112 334 2196 quaedam
357 2130 414 2179 nos
436 2111 548 2179 afierre
569 2131 661 2198 posse
683 2114 837 2182 credimus
860 2115 902 2198 (p.
921 2115 984 2199 19).
1142 2101 1145 2106 ’

270 2225 438 2290 Plinium
460 2243 534 2293 sero
556 2227 588 2291 in
611 2231 674 2292 nat.
697 2226 770 2292 hist.
795 2226 882 2293 libris
897 2226 1220 2306 XXXIII-XXXVI,
1243 2232 1397 2310 quatenus

183 2337 223 2403 ad
244 2335 398 2405 artificum
419 2337 583 2405 historiam
611 2340 785 2421 pertinent,
814 2344 968 2405 nontam
997 2359 1035 2405 ex
1063 2338 1316 2421 inscriptionibus
1345 2337 1396 2423 (ci.

183 2466 242 2515 scr.
266 2449 321 2533 27)
349 2468 443 2532 qnam
465 2469 503 2515 ex
524 2447 612 2515 libris
633 2450 673 2516 de
695 2455 764 2516 arte
786 2449 909 2532 scriptis
931 2449 1074 2516 hausisse
1095 2451 1172 2516 satis
1200 2448 1398 2517 manifestum

183 2561 264 2641 est²;
292 2573 481 2643 quamquam
501 2565 641 2627 veterum
663 2561 717 2644 qni
744 2561 783 2626 de
809 2566 878 2628 arte
905 2561 1098 2643 scripserunt
1126 2566 1289 2627 anctorum
1317 2562 1398 2626 ratio

183 2673 360 2740 accuratius
370 2671 599 2756 *investiganda
621 2671 723 2739 adhuc
746 2671 951 2740 desideratur.

267 2785 339 2851 dam
361 2783 502 2850 venimus
524 2782 564 2850 ad
585 2782 827 2850 Pausaniam
848 2786 1051 2870 periegetam,
1073 2803 1167 2866 quem
1187 2784 1303 2852 diserte
1325 2784 1399 2850 arti·

184 2895 274 2963 ficum
294 2895 513 2977 inscriptiones
528 2895 689 2962 rarissime
704 2895 815 2962 allerra
829 2897 861 2963 in
877 2902 966 2963 tanta
981 2895 1135 2963 artificum
1150 2903 1184 2964 ct
1198 2895 1398 2963 artificiorum

184 3008 285 3089 copia,
308 3025 378 3073 cnm
402 3025 439 3073 ex
461 3005 642 3072 collectione
664 3014 772 3074 nostra
793 3009 893 3092 primo
915 3010 1028 3076 obtutu
1050 3009 1168 3077 clarum
1189 3007 1246 3074 fiat
1273 3010 1345 3093 (scr.
1369 3009 1398 3089 2,

185 3119 214 3198 3,
237 3120 267 3194 4,
289 3119 318 3194 5,
342 3121 370 3195 7,
393 3118 411 3180 7
419 3127 440 3197 ⁸,
464 3116 512 3193 11,
535 3118 582 3198 7⁰,
606 3118 635 3199 9,
660 3119 709 3199 10,
733 3119 783 3195 12,
807 3121 857 3201 16,
882 3121 932 3202 18,
956 3121 1006 3200 19,
1029 3120 1094 3204 20),
1115 3139 1197 3186 nunc
1212 3120 1398 3203 quaerimus,

183 3248 260 3296 num
282 3227 363 3296 lorte
383 3228 471 3294 illum
493 3228 648 3304 artificum
671 3231 923 3312 inscriptionibus
946 3232 1071 3315 saepius
1093 3249 1184 3296 usum
1210 3251 1279 3298 esse
1305 3231 1399 3298 certis

184 3342 305 3409 indiciis
327 3342 454 3424 probari
477 3343 585 3423 possit
629 3343 699 3411 Huc
721 3345 854 3424 accedit,
884 3343 968 3425 quod
990 3361 1097 3410 omnes
1119 3343 1164 3408 illi
1190 3343 1290 3419 tituli,
1321 3359 1399 3424 qnos

184 3453 357 3524 Pausanias
380 3452 514 3520 tradidit
535 3453 641 3536 paullo
657 3455 919 3522 memorabiliores
934 3461 1016 3534 sunt,
1040 3454 1202 3521 duodecim
1218 3454 1300 3519 enim
1314 3458 1400 3519 certe

184 3565 306 3648 poetico
327 3582 469 3631 sermone
491 3566 654 3648 compositi
676 3571 760 3645 sunt,
782 3568 896 3651 quibus
917 3565 1050 3633 fortasse
1073 3567 1168 3632 etiam
1190 3566 1209 3628 2
1232 3569 1265 3631 et
1285 3563 1304 3628 8
1326 3563 1401 3629 addi

185 3682 332 3760 possunt,
360 3677 524 3743 Praxitelis
547 3682 653 3746 autem
674 3679 834 3761 inscriptio
857 3679 926 3763 (20)
956 3679 1070 3744 litteris
1098 3675 1326 3759 antiquioribus
1354 3673 1401 3738 in·

185 3789 282 3870 signis
304 3791 380 3855 erat.
426 3787 513 3867 Quae
535 3807 605 3856 cum
625 3790 669 3856 ita
691 3791 768 3866 sint,
797 3790 863 3856 veri
883 3790 968 3856 haud
990 3788 1131 3855 absimile
1154 3787 1294 3865 videtur,
1321 3785 1402 3850 Pan-

186 3899 304 3965 saniam
325 3898 541 3980 inscriptiones
563 3900 666 3967 minus
687 3902 852 3968 inusitatas
872 3902 912 3967 de
940 3901 1083 3968 consulto
1114 3918 1176 3966 non
1203 3898 1244 3964 ad
1272 3897 1402 3964 verbum

185 4009 343 4084 attulisse;
365 4009 421 4077 sed
442 4010 523 4076 hanc
543 4029 610 4078 ram
632 4011 755 4094 longius
776 4017 919 4096 repetere
936 4012 1067 4095 juvabit

270 4121 401 4188 Praetor
421 4119 491 4187 illas
512 4121 609 4205 igitur
631 4123 848 4207 inscriptiones
863 4124 941 4191 alios
956 4141 1084 4206 opernm
1099 4127 1244 4188 auctores
1258 4138 1293 4187 se
1307 4118 1402 4185 lando

253 4347 263 4386 1
279 4346 311 4399 de
327 4345 489 4414 anthologiaa
508 4345 618 4398 amm
636 4345 820 4416 epigrammatis
826 4381 835 4408 ,
860 4361 925 4412 quaa
942 4345 976 4398 ad
996 4351 1061 4398 aaa·
1079 4351 1210 4414 spectant,
1233 4343 1296 4396 diac.
1319 4343 1404 4410 mariq.

186 4429 456 4586 Bonnffissriagar.
475 4516 506 4568 do
523 4516 610 4568 fionlib.
629 4517 700 4571 llbrr.
711 4516 967 4570 xxm-mm
985 4523 1033 4571 nat.
1052 4516 1108 4578 hist.
1122 4515 1260 4577 Plinianaa,
1279 4523 1404 4584 quatenus

186 4602 220 4656 ad
237 4611 316 4656 111111
333 4602 464 4671 plasticam
482 4601 608 4669 pertinent
625 4603 723 4657 (1111111.
742 4605 826 4671 inaug.
845 4604 972 4672 Gry-plaiae
992 4603 1066 4659 1857.
1091 4630 1120 4640 —
1143 4601 1176 4654 Η.
1195 4599 1290 4654 Brunn.
1309 4599 1340 4652 de
1357 4617 1403 4652 au-

186 4701 283 4745 ctorum
301 4689 419 4744 indicibb.
438 4689 560 4742 Plinianis
583 4689 672 4756 (Bona.
693 4689 770 4754 1856>
788 4706 812 4756 p.
826 4690 860 4745 40
876 4706 932 4755 sqq.
1171 4771 1203 4829 l.
