3330 5378
646 497 857 560 -29-

142 684 231 764 Quod
252 671 375 752 tantum
397 683 496 763 abest,
520 687 555 748 ut
577 683 792 766 ignoraverint
813 684 863 752 vel
883 684 1078 769 neglexerint
1092 683 1285 753 Graecorum
1299 663 1394 754 sta-⁹

144 796 240 863 tuarii
262 793 512 880 sculptoresque,
542 801 578 860 ut
599 796 631 862 iu
653 795 752 861 titulis
774 815 834 892 non
863 795 903 864 ad
931 813 1026 879 opera
1054 797 1093 864 ab
1120 797 1197 880 ipsis
1225 797 1363 882 perfecta

141 909 368 992 pcrtinentibus
393 907 571 975 accuratius
600 906 639 973 de
667 923 700 972 se
728 907 813 991 loqui
839 925 902 975 non
930 908 1207 990 praetermiserint.
1252 908 1364 995 Cephi-

140 1020 270 1088 sodotus
293 1020 418 1102 quidem
441 1026 473 1088 et
494 1019 676 1087 Timarchus
695 1023 763 1085 tum
785 1018 886 1084 sulum
908 1037 943 1085 se
964 1019 1114 1087 Eresidas
1137 1039 1206 1087 esse
1231 1019 1363 1104 professi
1447 1101 1453 1118 ,

142 1138 225 1214 sunt,
249 1150 318 1201 cum
333 1132 552 1200 Theoxeniden
569 1128 756 1197 avunculum
773 1129 995 1198 dedicaverunt
1018 1130 1101 1215 (syll.
1119 1130 1208 1214 35a).
1243 1132 1363 1199 Deinde

143 1243 284 1312 Thebani
306 1241 442 1310 artifices
465 1242 669 1326 Aristogiton,
692 1242 925 1326 Hypatudorus,
947 1240 1122 1326 Cephisias,
1146 1244 1210 1328 (24,
1232 1243 1287 1326 25)
1309 1243 1363 1326 qui

145 1357 177 1421 in
201 1355 301 1423 titulis
323 1355 425 1422 adhuc
447 1355 624 1422 extantibus
647 1358 772 1438 patrum
794 1355 982 1422 mentionem
1004 1372 1066 1421 nou
1088 1353 1238 1438 fecerunt,
1261 1355 1292 1421 in
1314 1373 1364 1421 ca·

141 1468 246 1550 talogo
268 1466 321 1534 illo
342 1467 446 1534 nescio
469 1485 532 1550 qua
554 1465 593 1532 de
615 1484 711 1533 causa
731 1466 848 1549 scripto
862 1471 988 1548 patrum
1003 1466 1129 1534 nomina
1146 1466 1364 1534 indicaverunt

141 1577 222 1663 (syli.
256 1580 292 1645 Β.
321 1578 365 1661 5.)
398 1576 437 1646 cf.
469 1579 586 1646 Maarci
616 1578 741 1646 titulum
770 1577 859 1662 (111)
889 1583 922 1645 et
951 1597 1033 1662 quae
1063 1578 1104 1646 ad
1137 1579 1205 1662 syll.
1239 1598 1269 1646 n.
1302 1580 1360 1643 111

117 1691 282 1758 diximus.
1351 1753 1353 1764 ,

227 1803 414 1888 Plerumque
435 1808 540 1871 autem
561 1802 787 1887 posterioribus
809 1806 932 1869 tantum
954 1802 1125 1870 verendum
1153 1820 1222 1870 esse
1250 1803 1363 1885 potuit,

140 1935 180 1983 nc
201 1935 271 1983 cum
294 1915 362 1982 aliis
384 1914 635 1997 artificibus,
665 1916 778 2000 quibus
806 1915 915 1981 eadem
944 1916 1070 1983 nomina
1098 1917 1203 1991 erant,
1233 1912 1362 1982 confun-

142 2028 305 2105 derentur;
334 2046 387 2095 eus
410 2047 483 2095 veru
506 2027 546 2094 de
573 2026 713 2094 consulto
742 2026 850 2095 eadem
880 2027 1081 2112 inscriptione
1109 2047 1146 2095 ac
1174 2027 1360 2097 celebriores

140 2140 279 2223 priorum
301 2145 441 2209 aetatum
463 2140 598 2208 artifices
620 2158 694 2209 usos
716 2159 785 2208 esse
814 2157 1003 2226 exponemus
1030 2140 1063 2204 in
1091 2158 1225 2207 excursu
1246 2140 1278 2221 1,
1306 2139 1361 2221 qui

142 2257 192 2320 est
219 2253 259 2320 dc
287 2252 496 2322 celeberrimis
524 2252 702 2322 nominibus
729 2251 884 2321 artificum
912 2251 1056 2334 aequiore
1084 2256 1189 2318 aetate
1218 2249 1379 2335 frequen.

140 2364 224 2432 latis.

219 2476 340 2544 Deinde
362 2476 501 2561 ejusdem
522 2476 651 2544 artificis
674 2475 908 2560 inscriptionem
925 2492 1051 2542 summa
1070 2473 1244 2541 stabilitate
1265 2472 1362 2541 fuisse

139 2588 341 2670 probavimus
363 2588 407 2672 (p.
426 2589 465 2653 13
488 2588 585 2673 sqq),
614 2609 634 2656 a
656 2608 720 2672 qua
741 2588 818 2655 nihil
839 2587 985 2663 alienius,
1014 2605 1108 2671 quam
1129 2586 1255 2652 uomina
1277 2584 1362 2651 nullo

140 2698 269 2768 consih0
291 2705 448 2784 congestu.
493 2701 596 2782 Atque
617 2701 732 2767 iterum
754 2701 848 2767 liceat
869 2699 982 2766 citare:

225 2831 255 2878 n.
273 2812 334 2876 144
350 2808 548 2900 Ἡρακλείδης
564 2808 691 2897 ’Arados
711 2808 851 2898 Ἐφέσιος
874 2812 921 2875 καὶ
938 2807 1099 2897 Ἆρμάτιος
1121 2808 1244 2874 ἐποίουν

172 2928 205 2991 et
225 2925 334 2991 11152
359 2924 444 2989 Θέων
462 2919 636 3015 Ἀντιοχεὺς
657 2925 705 2988 καὶ
726 2923 904 3014 Δημήτριος
924 2921 1099 3012 Δημητρίου

351 3033 468 3108 Ῥόδιος
488 3035 620 3101 ἐποίουν.

139 3147 313 3232 exquibus
335 3155 454 3216 certum
476 3167 602 3216 causam
624 3146 721 3215 fuisse
743 3145 934 3231 colligimus,
962 3165 1019 3214 cur
1046 3147 1099 3214 alii
1126 3147 1262 3216 artifices
1290 3149 1360 3216 aliis

138 3259 241 3326 modis
263 3277 297 3327 se
318 3258 429 3327 fecisse
450 3260 582 3344 professi
604 3260 676 3326 sint.

225 3370 303 3437 Cum
327 3371 423 3454 igitur
445 3370 580 3439 artifices
603 3372 680 3438 satis
703 3369 849 3437 distincte
866 3369 992 3454 quidem
1009 3370 1104 3439 verbo
1119 3369 1251 3440 faciendi
1267 3370 1363 3453 signi·

138 3483 224 3550 ficati
246 3484 305 3563 ita,
329 3489 447 3551 utnon
469 3487 570 3566 esset,
593 3500 649 3550 cur
671 3481 846 3550 accuratius
869 3482 909 3549 de
930 3500 965 3548 se
986 3482 1205 3566 loquerentur,
1236 3482 1361 3565 saepius

138 3599 243 3661 menen
263 3601 387 3678 patrum
410 3593 535 3661 uomina
557 3593 685 3678 (ethnici
708 3593 790 3661 enim
815 3613 884 3661 eam
906 3593 969 3660 vim
989 3613 1059 3661 esse
1079 3594 1360 3678 etvidimusp.15

138 3709 202 3771 not.
223 3709 238 3769 1
263 3709 295 3773 et
317 3704 506 3789 ridebimuS,
534 3725 596 3790 quo
617 3703 752 3773 artifices
774 3724 940 3788 prorsus
963 3706 1023 3772 afio
1051 3723 1146 3773 sensu
1173 3723 1212 3772 ac
1239 3710 1360 3772 ceteros

139 3833 213 3882 usos
236 3834 305 3884 esse
328 3818 413 3884 credi
435 3836 496 3884 non
519 3816 620 3902 possit
639 3817 694 3901 -)
714 3816 895 3900 adiecerint,
917 3836 979 3883 non
999 3818 1068 3885 leve
1087 3817 1254 3900 videbitur,
1277 3817 1362 3902 quud

142 3929 332 4011 conjicimus,
354 3928 415 3995 illis
437 3927 602 3997 subtiliora
623 3928 777 4011 quaedam
799 3929 960 3997 contineri.

224 4039 287 4107 Sed
307 4041 532 4122 hebescimus,
554 4041 610 4107 tali
628 4041 821 4124 quaestione,
843 4042 966 4125 qualem
980 4061 1063 4109 nunc
1077 4041 1306 4126 proposuimus,
1329 4040 1361 4106 id

136 4155 259 4219 mutum
281 4152 347 4236 agi,
376 4159 413 4218 ut
434 4172 473 4220 ex
502 4152 636 4236 repertis
664 4152 764 4219 tituhs
793 4151 1133 4219 verisimillimum
1161 4152 1360 4227 enucleatum

137 4262 222 4347 quod
245 4251 281 4330 ut
302 4282 518 4348 exsequamur,
546 4268 644 4330 tutam
666 4261 821 4330 artificum
843 4263 1006 4330 historiam
1028 4264 1118 4333 nobis
1139 4263 1360 4330 consulendam

136 4392 208 4442 esse
227 4374 421 4459 putarimus3
450 4376 534 4458 quod
555 4374 625 4442 ideo
647 4393 771 4459 quoque
793 4374 939 4458 fecimus,
968 4377 1042 4460 quia
1068 4373 1224 4443 artificum
1252 4375 1360 4441 inscri-

136 4489 260 4572 ptiones
282 4507 363 4572 quae
385 4493 506 4570 eriam,
536 4488 666 4556 fortuito
694 4490 848 4557 debentur
876 4489 963 4557 casui
985 4487 1037 4573 (cf.
1059 4505 1089 4570 p.
1106 4487 1149 4571 7).
1178 4486 1263 4553 .Non
1286 4504 1360 4554 uero

141 4599 245 4684 legem
266 4617 432 4682 possumus
455 4600 652 4684 investigare,
674 4601 724 4668 cui
739 4619 847 4670 omnes
862 4600 1016 4668 artificum
1031 4599 1257 4680 inscriptiones,
1280 4615 1361 4679 quae

134 4717 208 4794 post
232 4729 289 4779 nos
312 4713 516 4796 reperientur,
538 4712 686 4780 subactae
708 4714 779 4790 sint,
