3330 5378
804 485 1016 552 ..5ss-

300 675 836 761 inpublicaraletmonumenta1.
885 675 929 740 Et
956 689 1145 756 quamquam
1173 673 1288 758 privati
1317 689 1443 758 quoque
1469 674 1525 738 hc-

302 788 402 854 mines
424 787 557 869 siquod
585 805 664 869 opus
692 786 914 871 perficiendum
940 786 1135 867 locaverunt,
1164 786 1324 868 pactiones
1353 785 1524 862 fecerunta

304 898 366 966 hae
388 903 474 966 certe
495 918 558 965 non
580 898 635 966 diu
656 903 799 965 servatae
821 904 909 978 sunt;
931 898 1043 979 quodsi
1059 901 1172 979 essent,
1192 915 1283 964 nemo
1296 897 1467 974 hominnm,
1488 903 1525 963 ut

300 1011 434 1093 aliquus
461 1010 564 1093 operis
592 1015 754 1088 auctorem
783 1015 997 1093 cognosceret,
1027 1008 1221 1092 inspexisset
1270 1010 1314 1074 At
1336 1011 1410 1092 jure
1440 1007 1525 1074 dicat

272 1101 273 1110 ἵ
300 1123 471 1206 quispiam,
501 1140 541 1188 ne
563 1140 617 1188 eos
639 1121 766 1204 quidem
788 1119 941 1201 artifices,
969 1119 1023 1203 qui
1043 1119 1076 1185 in
1097 1119 1231 1202 publicis
1253 1120 1431 1187 rationibus
1453 1139 1525 1204 per·

299 1232 409 1315 scripti
435 1237 541 1312 erant,
568 1234 646 1300 satis
673 1233 791 1315 gloriae
819 1245 896 1298 suae
922 1231 1110 1315 providisse,
1137 1250 1210 1297 raro
1239 1233 1321 1298 enim
1354 1232 1426 1298 illas
1454 1251 1524 1299 esse

298 1346 454 1430 perlectas
477 1350 509 1412 et
530 1346 679 1428 maiorem
702 1345 871 1411 memoriae
894 1361 981 1428 spem
1004 1343 1074 1411 illos
1095 1344 1259 1412 habituros
1288 1344 1387 1412 inisse
1414 1345 1523 1413 inseri·

298 1459 362 1541 ptis
393 1457 569 1524 nominibus
597 1457 630 1524 in
659 1457 758 1540 ipsius
786 1458 889 1539 operis
920 1455 1002 1534 basi,
1033 1457 1065 1521 in
1094 1473 1158 1538 qua
1187 1456 1369 1524 dedicantes
1395 1457 1523 1540 quidem

301 1571 416 1638 iterum
438 1568 586 1652 insculpti
609 1572 693 1634 sunt.
730 1567 849 1646 Quodsi
871 1566 1019 1634 iecissent
1040 1567 1187 1650 artifices,
1208 1568 1349 1652 prolecto
1371 1589 1434 1638 non
1456 1575 1543 1668 tam·

298 1682 390 1749 multi
412 1681 567 1750 oblivione
599 1681 705 1749 obruti
733 1680 880 1761 inissent,
912 1682 995 1766 quod
1018 1683 1190 1749 Pausanias
1218 1683 1402 1767 saepissime
1430 1683 1523 1751 dictis

301 1793 358 1858 οὐκ
378 1791 483 1879 ἴσμεν,
513 1793 549 1858 οὔ
569 1792 814 1882 μνημονεύουσιν
835 1793 994 1860 iudicavit
1039 1795 1108 1874 Qua
1129 1815 1164 1861 re
1184 1796 1249 1877 jam
1279 1811 1458 1879 movemur,
1486 1801 1526 1863 ui

299 1911 453 1991 quantum
479 1905 629 1972 memoria
655 1905 696 1972 ad
725 1902 881 1973 artificum
908 1906 1035 1972 nomina
1061 1904 1216 1978 sananda
1243 1907 1398 1991 valuerit,
1427 1927 1526 1992 quae-

296 2037 413 2086 ramus.

386 2131 433 2197 Ao
458 2129 595 2214 primum
622 2129 855 2196 meminerimus
883 2129 1025 2196 civitates
1052 2130 1139 2214 ipsas
1166 2136 1200 2198 et
1224 2149 1355 2215 magnos
1384 2131 1526 2200 artifices

299 2246 332 2309 el
362 2241 476 2309 emmiu
504 2259 600 2325 opera
629 2240 690 2308 sibi
719 2259 840 2307 summo
872 2242 983 2308 honori
1015 2241 1181 2326 duxisse³3
1213 2244 1320 2326 itaque
1349 2244 1527 2313 Pausanias

299 2354 350 2440 (V,
373 2353 423 2434 23,
447 2351 481 2436 7)
504 2352 682 2420 Aristonem
707 2359 739 2419 et
761 2353 918 2420 Telestam
941 2355 1113 2421 statuarios
1135 2371 1199 2421 non
1220 2374 1278 2438 per
1299 2359 1399 2423 totam
1423 2356 1526 2425 Grae·

297 2466 377 2532 ciam
400 2463 575 2532 celebratos
597 2482 667 2532 essa
695 2483 734 2531 ex
760 2464 819 2531 hoc
848 2465 987 2549 collegit:
1016 2465 1098 2556 εἶχον
1125 2467 1185 2554 γὰρ
1215 2467 1252 2532 ἄν
1282 2493 1309 2533 τι
1338 2471 1388 2533 καὶ
1413 2464 1526 2536 Ἠλεῖοι

299 2578 368 2665 περλ
392 2575 494 2641 αὐτῶν
516 2575 644 2660 λέγειν
666 2577 737 2639 καὶ.
752 2574 912 2640 πλείονα
935 2573 992 2641 ἔτι
1013 2576 1327 2665 Λακεδαιμόνιοι
1354 2584 1529 2650 πολιτῶν

296 2713 338 2774 γε
361 2687 494 2770 dorem·
517 2693 549 2755 et
571 2686 722 2770 singulari
748 2686 886 2769 quodam
908 2687 1023 2770 gaudio
1045 2689 1192 2757 videntur
1214 2693 1368 2774 praeclari
1384 2693 1526 2763 artifices

296 2823 317 2870 a
347 2801 467 2870 dubus
495 2799 560 2866 suis
589 2798 663 2867 dicti
693 2815 762 2865 essa
795 2797 967 2886 ἐπιχώριοιι
997 2799 1141 2868 Giliadas
1171 2803 1277 2887 (Paos.
1303 2804 1369 2886 111,
1398 2808 1449 2888 17,
1479 2808 1526 2892 2),

296 2915 506 2982 Theocosmus
529 2906 652 2997 (1340,
675 2910 709 2993 4)
742 2908 963 2978 Callistonious
985 2911 1154 2980 Thebanus
1179 2913 1255 2998 (IX,
1279 2915 1334 2997 16,
1359 2918 1392 3001 1)
1421 2919 1529 2990 Libon

297 3162 399 3234 στήλην
418 3170 444 3216 si
459 3161 570 3232 βόθρον
589 3169 711 3230 usurpata
728 3179 783 3215 osse
800 3178 876 3228 nego,
894 3161 970 3213 immo
981 3162 1068 3214 iormis
1081 3162 1179 3216 divorsa
1191 3163 1271 3219 inissa
1283 3166 1417 3230 videntum
1436 3169 1527 3240 iisqne

297 3269 355 3304 cum
367 3249 506 3302 Pausanias
515 3248 536 3311 1,
554 3249 597 3310 24,
615 3249 631 3302 7
649 3249 777 3301 Minervae
788 3247 899 3318 Virginis
917 3247 997 3301 basim
1014 3246 1125 3318 βάθρον
1143 3249 1235 3303 diserte
1247 3251 1347 3316 dixerit,
1365 3253 1527 3312 Plutarchus

296 3336 365 3389 haud
383 3335 462 3388 dahis
482 3335 625 3388 columnam
643 3334 783 3388 ustionibus
801 3335 949 3403 inscriptam
967 3334 1102 3388 intellexit

367 3423 379 3462 1
394 3421 484 3475 horum
502 3423 528 3472 in
547 3420 689 3472 auctoribus
706 3422 888 3490 cognoscendis
906 3422 1040 3489 scriptores
1058 3429 1125 3474 carto
1142 3439 1187 3491 per
1209 3440 1253 3476 ecs
1276 3425 1358 3493 adjuti
1382 3435 1455 3491 sunl,
1479 3433 1527 3499 qni

298 3508 491 3577 inscriptionum
514 3505 712 3574 colligendarum
736 3507 864 3576 nogotium
886 3509 935 3560 sihi
962 3516 1143 3561 sumseruntv.
1162 3507 1525 3570 Bocclrh.0.ltom.1in-

296 3597 360 3650 lrcd.
377 3613 403 3663 p.
415 3593 484 3646 vm.

287 3723 290 3732 .
365 3679 420 3732 ²0.
439 3679 468 3732 lo,
487 3677 623 3733 Hermann.
645 3678 977 3748 Prisslslterth.§68,13.

364 3766 517 3835 ⁸imprimis
540 3765 711 3818 consulendus
732 3767 767 3820 H.
790 3767 956 3836 Fsohberger.
985 3769 1017 3821 de
1044 3767 1165 3837 opificum
1190 3771 1259 3840 apud
1286 3779 1386 3827 vatem
1410 3775 1524 3832 (irssoos

296 3853 439 3909 conditione
461 3852 521 3905 diss.
537 3852 550 3903 Ι
573 3851 687 3919 (Θόωνα
708 3852 783 3919 1866)
806 3855 866 3921 p.5
890 3861 942 3906 not
960 3854 976 3910 5
1000 3871 1054 3923 sqq.
1079 3854 1173 3908 (liceto.
1191 3857 1219 3908 in
1233 3857 1305 3912 Varr.
1329 3861 1417 3914 sctII
1434 3879 1471 3916 or.
1485 3866 1525 3918 lv

297 3939 387 4010 §134-
406 3939 472 3994 135.

366 4023 456 4091 Neque
471 4013 611 4092 geographi
629 4024 721 4092 quibus
740 4025 877 4078 artificibus
895 4026 1134 4098 urbssgnobilitalsa
1151 4036 1225 4082 orant
1242 4032 1393 4087 omiserunt:
1419 4033 1524 4092 Stnbo.

296 4109 357 4163 XIV
374 4129 399 4178 p.
413 4111 463 4166 642
480 4110 656 4178 Ephesus...
680 4105 780 4178 ἄνδρες
798 4110 828 4162 δὲ
847 4109 980 4180 ἀξιόλογοι
997 4111 1141 4180 γεγόνασιν
1158 4112 1188 4164 ὲν
1207 4113 1278 4184 αὐτῇ
1291 4151 1298 4166 .
1313 4152 1320 4167 .
1335 4153 1362 4169 ..
1386 4117 1430 4170 καλ
1448 4117 1524 4193 Παρ-

296 4197 395 4267 ράσιος
412 4197 427 4247 ό
446 4195 592 4264 ζωγράφος
608 4193 652 4248 καλ
668 4193 799 4266 Απελλῆς.
824 4197 855 4255 ci.
874 4199 963 4267 Steph.
981 4199 1040 4267 Byr.
1059 4218 1080 4254 s.
1100 4217 1143 4255 ov.
1159 4197 1300 4270 Ἀνθηδών.
1323 4199 1524 4274 Ἀλεξάνδρεια,

297 4278 416 4347 illisione,
431 4277 600 4352 Ἠλεκτρὶιλες
617 4285 701 4351 νῆσοι.

364 4368 433 4420 Plut.
451 4369 515 4436 glor.
533 4368 625 4421 Athon.
638 4369 663 4421 11
680 4366 785 4421 aroildis
803 4369 852 4433 μὲν
872 4370 904 4440 δὴ
924 4368 968 4422 καλ
985 4367 1071 4424 ἄλλων
1090 4373 1106 4443 η
1126 4372 1201 4434 πόλις
1218 4371 1267 4443 ἥδε
1284 4373 1376 4444 μήτηρ
1394 4375 1442 4429 παλ
1460 4397 1525 4450 τρο.

297 4453 350 4523 qod<
367 4451 485 4523 εὐμενής
501 4457 605 4526 τεχνῶν
623 4455 720 4524 γέγονε
738 4455 788 4515 τὰς
805 4457 854 4520 μὲν
873 4457 1010 4528 εὑραμένη
1028 4459 1071 4511 καλ
1088 4456 1251 4532 ἀναφήνασα
1273 4460 1382 4531 πρώτη,
1408 4465 1471 4524 τοῖς
1494 4468 1526 4521 δὲ

298 4539 408 4604 δύναμιν
428 4541 584 4608 προσθεῖσα
601 4540 645 4592 καλ
661 4542 740 4612 τιμὴν
758 4543 803 4594 καλ
820 4541 947 4614 αὔξησιν·
971 4545 1021 4617 οόχ
1037 4545 1134 4616 ἥκιστα
1151 4545 1181 4597 δὲ
1204 4545 1251 4598 ὑπ’
1270 4547 1356 4616 αὐτῆς
1379 4551 1527 4622 ζωγραφία

299 4629 432 4696 προῆκται
454 4623 498 4677 καλ
520 4626 695 4697 κεκόσμηται,
722 4628 813 4682 deindo
835 4633 998 4700 Apollodori,
1024 4627 1212 4701 Euphrsricris,
1241 4633 1344 4698 Nicias,
1370 4638 1525 4696 Plistssnati

298 4715 385 4783 (immo
403 4713 527 4783 Panaaui)
543 4713 649 4769 Phidiso
666 4717 752 4771 fratris
771 4717 865 4772 montio
882 4719 919 4774 ut.
