<?xml version="1.0" encoding="UTF-8"?>
<!DOCTYPE html PUBLIC "-//W3C//DTD XHTML 1.0 Transitional//EN"
    "http://www.w3.org/TR/xhtml1/DTD/xhtml1-transitional.dtd">
<html xmlns="http://www.w3.org/1999/xhtml" xml:lang="en" lang="en">
 <head>
  <title>
</title>
<meta http-equiv="Content-Type" content="text/html;charset=utf-8" />
  <meta name='ocr-system' content='tesseract 3.04.00' />
  <meta name='ocr-capabilities' content='ocr_page ocr_carea ocr_par ocr_line ocrx_word'/>
</head>
<body>
  <div class='ocr_page' id='page_1' title='image "./titulistatuario00hirsgoog_0164.png"; bbox 0 0 3344 5376; ppageno 0'>
   <div class='ocr_carea' id='block_1_1' title="bbox 659 473 891 536">
    <p class='ocr_par' dir='ltr' id='par_1_1' title="bbox 659 473 891 536">
     <span class='ocr_line' id='line_1_1' title="bbox 659 473 891 536; baseline -0.004 -1"><span class='ocrx_word' id='word_1_1' title='bbox 659 473 891 536; x_wconf 82' lang='lat'>-151-</span> 
     </span>
    </p>
   </div>
   <div class='ocr_carea' id='block_1_2' title="bbox 165 655 1384 855">
    <p class='ocr_par' dir='ltr' id='par_1_2' title="bbox 165 655 1384 855">
     <span class='ocr_line' id='line_1_2' title="bbox 165 655 1381 742; baseline 0.006 -22"><span class='ocrx_word' id='word_1_2' title='bbox 165 655 274 738; x_wconf 80' lang='lat' dir='ltr'><strong>voluit,</strong></span> <span class='ocrx_word' id='word_1_3' title='bbox 297 663 333 724; x_wconf 90' lang='lat' dir='ltr'><strong>ut</strong></span> <span class='ocrx_word' id='word_1_4' title='bbox 356 657 474 741; x_wconf 85' lang='lat' dir='ltr'>opinor,</span> <span class='ocrx_word' id='word_1_5' title='bbox 497 657 673 726; x_wconf 87' lang='lat' dir='ltr'><strong>Eubuleum</strong></span> <span class='ocrx_word' id='word_1_6' title='bbox 695 677 763 727; x_wconf 86' lang='lat' dir='ltr'><strong>esse</strong></span> <span class='ocrx_word' id='word_1_7' title='bbox 786 677 864 742; x_wconf 89' lang='lat' dir='ltr'><strong>opus</strong></span> <span class='ocrx_word' id='word_1_8' title='bbox 881 663 1060 737; x_wconf 81' lang='lat' dir='ltr'><strong>Praxitelis3</strong></span> <span class='ocrx_word' id='word_1_9' title='bbox 1083 660 1139 728; x_wconf 91' lang='lat' dir='ltr'><strong>sed</strong></span> <span class='ocrx_word' id='word_1_10' title='bbox 1161 661 1219 727; x_wconf 90' lang='lat' dir='ltr'><strong>hoc</strong></span> <span class='ocrx_word' id='word_1_11' title='bbox 1234 661 1381 728; x_wconf 89' lang='lat' dir='ltr'><strong>abhorret</strong></span> 
     </span>
     <span class='ocr_line' id='line_1_3' title="bbox 166 768 1384 855; baseline 0.006 -22"><span class='ocrx_word' id='word_1_12' title='bbox 166 768 208 834; x_wconf 86' lang='lat' dir='ltr'><strong>ab</strong></span> <span class='ocrx_word' id='word_1_13' title='bbox 236 788 297 835; x_wconf 92' lang='lat' dir='ltr'><strong>usu</strong></span> <span class='ocrx_word' id='word_1_14' title='bbox 319 768 510 837; x_wconf 89' lang='lat' dir='ltr'><strong>Graecorum</strong></span> <span class='ocrx_word' id='word_1_15' title='bbox 539 775 570 837; x_wconf 89' lang='lat' dir='ltr'><strong>et</strong></span> <span class='ocrx_word' id='word_1_16' title='bbox 592 771 818 851; x_wconf 88' lang='lat' dir='ltr'><strong>Romanorum,</strong></span> <span class='ocrx_word' id='word_1_17' title='bbox 847 778 879 839; x_wconf 86' lang='lat' dir='ltr'><strong>et</strong></span> <span class='ocrx_word' id='word_1_18' title='bbox 907 791 999 855; x_wconf 86' lang='lat' dir='ltr'><strong>quam</strong></span> <span class='ocrx_word' id='word_1_19' title='bbox 1028 773 1141 841; x_wconf 85' lang='lat' dir='ltr'><strong>afferro</strong></span> <span class='ocrx_word' id='word_1_20' title='bbox 1171 773 1250 840; x_wconf 89' lang='lat' dir='ltr'><strong>velis</strong></span> <span class='ocrx_word' id='word_1_21' title='bbox 1278 773 1384 840; x_wconf 87' lang='lat' dir='ltr'><strong>inscri-</strong></span> 
     </span>
    </p>
   </div>
   <div class='ocr_carea' id='block_1_3' title="bbox 164 881 871 1060">
    <p class='ocr_par' dir='ltr' id='par_1_3' title="bbox 164 881 871 1060">
     <span class='ocr_line' id='line_1_4' title="bbox 164 881 302 964; baseline 0.022 -18"><span class='ocrx_word' id='word_1_22' title='bbox 164 881 302 964; x_wconf 88' lang='lat' dir='ltr'><strong>ptionem</strong></span> 
     </span>
     <span class='ocr_line' id='line_1_5' title="bbox 686 967 871 1060; baseline 0.005 -27"><span class='ocrx_word' id='word_1_23' title='bbox 686 967 871 1060; x_wconf 68' lang='grc' dir='ltr'><em>Γανυμήδης</em></span> 
     </span>
    </p>
   </div>
   <div class='ocr_carea' id='block_1_4' title="bbox 166 1081 1383 1498">
    <p class='ocr_par' dir='ltr' id='par_1_4' title="bbox 684 1081 873 1171">
     <span class='ocr_line' id='line_1_6' title="bbox 684 1081 873 1171; baseline 0.005 -26"><span class='ocrx_word' id='word_1_24' title='bbox 684 1081 873 1171; x_wconf 80' lang='grc' dir='ltr'><em>Λεωχάρους</em></span> 
     </span>
    </p>

    <p class='ocr_par' dir='ltr' id='par_1_5' title="bbox 166 1189 1383 1498">
     <span class='ocr_line' id='line_1_7' title="bbox 681 1189 1383 1280; baseline 0.009 -24"><span class='ocrx_word' id='word_1_25' title='bbox 681 1189 840 1280; x_wconf 73' lang='grc' dir='ltr'><strong>Ἀθηναίου</strong></span> <span class='ocrx_word' id='word_1_26' title='bbox 905 1214 973 1263; x_wconf 90' lang='lat' dir='ltr'><strong>eam</strong></span> <span class='ocrx_word' id='word_1_27' title='bbox 994 1213 1119 1280; x_wconf 84' lang='lat' dir='ltr'><strong>quoque</strong></span> <span class='ocrx_word' id='word_1_28' title='bbox 1139 1197 1383 1265; x_wconf 83' lang='lat' dir='ltr'><strong>commenticiam</strong></span> 
     </span>
     <span class='ocr_line' id='line_1_8' title="bbox 166 1303 1382 1398; baseline 0.005 -28"><span class='ocrx_word' id='word_1_29' title='bbox 166 1322 237 1371; x_wconf 88' lang='lat' dir='ltr'><strong>esse</strong></span> <span class='ocrx_word' id='word_1_30' title='bbox 258 1304 389 1372; x_wconf 82' lang='lat' dir='ltr'>tradidit</span> <span class='ocrx_word' id='word_1_31' title='bbox 410 1305 527 1371; x_wconf 87' lang='lat' dir='ltr'><strong>Brunn.</strong></span> <span class='ocrx_word' id='word_1_32' title='bbox 556 1303 601 1388; x_wconf 86' lang='lat' dir='ltr'><strong>(in</strong></span> <span class='ocrx_word' id='word_1_33' title='bbox 623 1303 694 1371; x_wconf 87' lang='lat' dir='ltr'><strong>add.</strong></span> <span class='ocrx_word' id='word_1_34' title='bbox 718 1303 758 1370; x_wconf 88' lang='lat' dir='ltr'><strong>ad</strong></span> <span class='ocrx_word' id='word_1_35' title='bbox 787 1305 879 1398; x_wconf 76' lang='lat' dir='ltr'><strong>artiff.</strong></span> <span class='ocrx_word' id='word_1_36' title='bbox 906 1307 1014 1373; x_wconf 88' lang='lat' dir='ltr'><strong>histor.</strong></span> <span class='ocrx_word' id='word_1_37' title='bbox 1037 1326 1065 1374; x_wconf 87' lang='lat' dir='ltr'><strong>v.</strong></span> <span class='ocrx_word' id='word_1_38' title='bbox 1082 1307 1127 1390; x_wconf 86' lang='lat'><strong>1);</strong></span> <span class='ocrx_word' id='word_1_39' title='bbox 1154 1309 1261 1392; x_wconf 79' lang='lat' dir='ltr'><strong>itaquo</strong></span> <span class='ocrx_word' id='word_1_40' title='bbox 1289 1309 1382 1376; x_wconf 84' lang='lat' dir='ltr'><strong>etiam</strong></span> 
     </span>
     <span class='ocr_line' id='line_1_9' title="bbox 166 1415 893 1498; baseline 0.003 -18"><span class='ocrx_word' id='word_1_41' title='bbox 166 1415 303 1483; x_wconf 89' lang='lat' dir='ltr'><strong>Eubulei</strong></span> <span class='ocrx_word' id='word_1_42' title='bbox 324 1415 449 1483; x_wconf 90' lang='lat' dir='ltr'><strong>titulum</strong></span> <span class='ocrx_word' id='word_1_43' title='bbox 471 1416 560 1482; x_wconf 88' lang='lat' dir='ltr'><strong>valde</strong></span> <span class='ocrx_word' id='word_1_44' title='bbox 582 1422 761 1498; x_wconf 85' lang='lat' dir='ltr'><strong>suspectum</strong></span> <span class='ocrx_word' id='word_1_45' title='bbox 784 1417 893 1485; x_wconf 86' lang='lat' dir='ltr'><strong>habeo.</strong></span> 
     </span>
    </p>
   </div>
   <div class='ocr_carea' id='block_1_5' title="bbox 622 1671 926 1682">
    <p class='ocr_par' dir='ltr' id='par_1_6' title="bbox 622 1671 926 1682">
     <span class='ocr_line' id='line_1_10' title="bbox 622 1671 926 1682; baseline 0 -2"><span class='ocrx_word' id='word_1_46' title='bbox 622 1671 926 1682; x_wconf 56' lang='grc' dir='ltr'><em>...Ἣ</em></span> 
     </span>
    </p>
   </div>
   <div class='ocr_carea' id='block_1_6' title="bbox 162 1907 1434 2780">
    <p class='ocr_par' dir='ltr' id='par_1_7' title="bbox 162 1907 1434 2780">
     <span class='ocr_line' id='line_1_11' title="bbox 250 1907 1382 1996; baseline 0 -20"><span class='ocrx_word' id='word_1_47' title='bbox 250 1910 309 1976; x_wconf 87' lang='lat' dir='ltr'><strong>Hic</strong></span> <span class='ocrx_word' id='word_1_48' title='bbox 330 1909 445 1977; x_wconf 83' lang='lat' dir='ltr'>addere</span> <span class='ocrx_word' id='word_1_49' title='bbox 463 1909 555 1978; x_wconf 84' lang='lat' dir='ltr'><strong>liceat</strong></span> <span class='ocrx_word' id='word_1_50' title='bbox 574 1911 681 1978; x_wconf 82' lang='lat' dir='ltr'><strong>titulos</strong></span> <span class='ocrx_word' id='word_1_51' title='bbox 703 1907 937 1996; x_wconf 79' lang='lat' dir='ltr'><strong>lopidorr‘orum</strong></span> <span class='ocrx_word' id='word_1_52' title='bbox 960 1909 1115 1996; x_wconf 83' lang='grc' dir='ltr'><em>(λατὺπων</em></span> <span class='ocrx_word' id='word_1_53' title='bbox 1136 1910 1290 1996; x_wconf 80' lang='grc' dir='ltr'><em>λατόμων,</em></span> <span class='ocrx_word' id='word_1_54' title='bbox 1313 1913 1382 1976; x_wconf 81' lang='grc' dir='ltr'><em>λαο-</em></span> 
     </span>
     <span class='ocr_line' id='line_1_12' title="bbox 166 2013 1383 2107; baseline 0.007 -25"><span class='ocrx_word' id='word_1_55' title='bbox 166 2018 264 2104; x_wconf 65' lang='lat' dir='ltr'><strong>eoos)</strong></span> <span class='ocrx_word' id='word_1_56' title='bbox 292 2020 467 2089; x_wconf 88' lang='lat' dir='ltr'><strong>litterarum</strong></span> <span class='ocrx_word' id='word_1_57' title='bbox 498 2023 605 2089; x_wconf 85' lang='lat' dir='ltr'><strong>ordine</strong></span> <span class='ocrx_word' id='word_1_58' title='bbox 638 2023 822 2106; x_wconf 76' lang='lat' dir='ltr'><strong>dispositos,</strong></span> <span class='ocrx_word' id='word_1_59' title='bbox 857 2026 912 2106; x_wconf 89' lang='lat' dir='ltr'><strong>qui</strong></span> <span class='ocrx_word' id='word_1_60' title='bbox 944 2041 1133 2107; x_wconf 88' lang='lat' dir='ltr'><strong>quamquam</strong></span> <span class='ocrx_word' id='word_1_61' title='bbox 1166 2023 1268 2088; x_wconf 92' lang='lat' dir='ltr'><strong>minus</strong></span> <span class='ocrx_word' id='word_1_62' title='bbox 1300 2013 1383 2090; x_wconf 85' lang='lat' dir='ltr'><strong>inter</strong></span> 
     </span>
     <span class='ocr_line' id='line_1_13' title="bbox 164 2130 1384 2218; baseline 0.002 -20"><span class='ocrx_word' id='word_1_63' title='bbox 164 2130 302 2199; x_wconf 86' lang='lat' dir='ltr'><strong>artifices</strong></span> <span class='ocrx_word' id='word_1_64' title='bbox 322 2134 412 2197; x_wconf 77' lang='lat' dir='ltr'><strong>nobie</strong></span> <span class='ocrx_word' id='word_1_65' title='bbox 433 2133 586 2201; x_wconf 87' lang='lat' dir='ltr'><strong>referendi</strong></span> <span class='ocrx_word' id='word_1_66' title='bbox 607 2135 753 2201; x_wconf 86' lang='lat' dir='ltr'><strong>videntur</strong></span> <span class='ocrx_word' id='word_1_67' title='bbox 780 2133 832 2218; x_wconf 86' lang='lat' dir='ltr'><strong>(ci.</strong></span> <span class='ocrx_word' id='word_1_68' title='bbox 855 2140 959 2201; x_wconf 84' lang='lat' dir='ltr'><strong>tamen</strong></span> <span class='ocrx_word' id='word_1_69' title='bbox 981 2135 1021 2215; x_wconf 90' lang='grc' dir='ltr'><strong>Β,</strong></span> <span class='ocrx_word' id='word_1_70' title='bbox 1051 2134 1084 2218; x_wconf 89' lang='grc'><strong>8)</strong></span> <span class='ocrx_word' id='word_1_71' title='bbox 1114 2152 1183 2200; x_wconf 90' lang='lat' dir='ltr'><strong>cum</strong></span> <span class='ocrx_word' id='word_1_72' title='bbox 1212 2139 1313 2200; x_wconf 87' lang='lat' dir='ltr'><strong>totum</strong></span> <span class='ocrx_word' id='word_1_73' title='bbox 1339 2135 1384 2202; x_wconf 91' lang='lat' dir='ltr'><strong>in·</strong></span> 
     </span>
     <span class='ocr_line' id='line_1_14' title="bbox 165 2244 1378 2328; baseline -0.001 -18"><span class='ocrx_word' id='word_1_74' title='bbox 165 2245 369 2328; x_wconf 87' lang='lat' dir='ltr'><strong>scriptionum</strong></span> <span class='ocrx_word' id='word_1_75' title='bbox 389 2265 496 2327; x_wconf 82' lang='lat' dir='ltr'><strong>usum,</strong></span> <span class='ocrx_word' id='word_1_76' title='bbox 524 2253 590 2312; x_wconf 89' lang='lat' dir='ltr'><strong>tum</strong></span> <span class='ocrx_word' id='word_1_77' title='bbox 613 2246 698 2313; x_wconf 89' lang='lat' dir='ltr'><strong>illum</strong></span> <span class='ocrx_word' id='word_1_78' title='bbox 720 2265 837 2314; x_wconf 87' lang='lat' dir='ltr'><strong>morem</strong></span> <span class='ocrx_word' id='word_1_79' title='bbox 859 2246 1032 2324; x_wconf 87' lang='lat' dir='ltr'><strong>illustrant,</strong></span> <span class='ocrx_word' id='word_1_80' title='bbox 1060 2264 1152 2328; x_wconf 89' lang='lat' dir='ltr'><strong>quem</strong></span> <span class='ocrx_word' id='word_1_81' title='bbox 1174 2264 1204 2328; x_wconf 89' lang='lat' dir='ltr'><strong>p.</strong></span> <span class='ocrx_word' id='word_1_82' title='bbox 1221 2244 1261 2307; x_wconf 79' lang='lat'><strong>22</strong></span> <span class='ocrx_word' id='word_1_83' title='bbox 1284 2249 1318 2310; x_wconf 90' lang='lat' dir='ltr'><strong>et</strong></span> <span class='ocrx_word' id='word_1_84' title='bbox 1339 2244 1378 2309; x_wconf 90' lang='lat'><strong>63</strong></span> 
     </span>
     <span class='ocr_line' id='line_1_15' title="bbox 164 2354 1381 2440; baseline 0.002 -20"><span class='ocrx_word' id='word_1_85' title='bbox 164 2357 413 2424; x_wconf 80' lang='lat' dir='ltr'><strong>memoravimus.</strong></span> <span class='ocrx_word' id='word_1_86' title='bbox 463 2359 523 2424; x_wconf 90' lang='lat' dir='ltr'><strong>llla</strong></span> <span class='ocrx_word' id='word_1_87' title='bbox 550 2358 632 2424; x_wconf 90' lang='lat' dir='ltr'><strong>enim</strong></span> <span class='ocrx_word' id='word_1_88' title='bbox 660 2359 755 2425; x_wconf 86' lang='lat' dir='ltr'><strong>verba</strong></span> <span class='ocrx_word' id='word_1_89' title='bbox 783 2359 963 2440; x_wconf 89' lang='lat' dir='ltr'><strong>posterioris</strong></span> <span class='ocrx_word' id='word_1_90' title='bbox 992 2357 1105 2424; x_wconf 84' lang='lat' dir='ltr'><strong>aetatis</strong></span> <span class='ocrx_word' id='word_1_91' title='bbox 1134 2354 1259 2437; x_wconf 87' lang='lat' dir='ltr'><strong>opifices</strong></span> <span class='ocrx_word' id='word_1_92' title='bbox 1287 2357 1381 2422; x_wconf 86' lang='lat' dir='ltr'><strong>etiam</strong></span> 
     </span>
     <span class='ocr_line' id='line_1_16' title="bbox 164 2467 1381 2555; baseline -0.002 -21"><span class='ocrx_word' id='word_1_93' title='bbox 164 2487 234 2534; x_wconf 89' lang='lat' dir='ltr'><strong>eam</strong></span> <span class='ocrx_word' id='word_1_94' title='bbox 265 2470 305 2537; x_wconf 95' lang='lat' dir='ltr'><strong>ob</strong></span> <span class='ocrx_word' id='word_1_95' title='bbox 334 2489 460 2537; x_wconf 85' lang='lat' dir='ltr'><strong>causam</strong></span> <span class='ocrx_word' id='word_1_96' title='bbox 490 2471 666 2538; x_wconf 89' lang='lat' dir='ltr'><strong>nominibus</strong></span> <span class='ocrx_word' id='word_1_97' title='bbox 696 2471 760 2537; x_wconf 85' lang='lat' dir='ltr'><strong>suis</strong></span> <span class='ocrx_word' id='word_1_98' title='bbox 791 2469 942 2555; x_wconf 86' lang='lat' dir='ltr'><strong>adjecisse</strong></span> <span class='ocrx_word' id='word_1_99' title='bbox 971 2469 1148 2552; x_wconf 85' lang='lat' dir='ltr'><strong>conjiciam,</strong></span> <span class='ocrx_word' id='word_1_100' title='bbox 1178 2467 1252 2551; x_wconf 88' lang='lat' dir='ltr'><strong>quia</strong></span> <span class='ocrx_word' id='word_1_101' title='bbox 1281 2467 1381 2533; x_wconf 90' lang='lat' dir='ltr'><strong>solum</strong></span> 
     </span>
     <span class='ocr_line' id='line_1_17' title="bbox 164 2576 1434 2669; baseline -0.003 -25"><span class='ocrx_word' id='word_1_102' title='bbox 164 2579 311 2669; x_wconf 71' lang='grc' dir='ltr'><em>ἐποίησεν</em></span> <span class='ocrx_word' id='word_1_103' title='bbox 334 2583 381 2648; x_wconf 87' lang='lat' dir='ltr'><strong>vel</strong></span> <span class='ocrx_word' id='word_1_104' title='bbox 404 2580 499 2646; x_wconf 81' lang='grc' dir='ltr'><em>ἐποίει</em></span> <span class='ocrx_word' id='word_1_105' title='bbox 526 2601 562 2648; x_wconf 93' lang='lat' dir='ltr'><strong>eo</strong></span> <span class='ocrx_word' id='word_1_106' title='bbox 590 2589 729 2666; x_wconf 88' lang='lat' dir='ltr'><strong>tempore</strong></span> <span class='ocrx_word' id='word_1_107' title='bbox 756 2581 939 2666; x_wconf 87' lang='lat' dir='ltr'><strong>plerumque</strong></span> <span class='ocrx_word' id='word_1_108' title='bbox 965 2579 1042 2646; x_wconf 90' lang='lat' dir='ltr'><strong>nihil</strong></span> <span class='ocrx_word' id='word_1_109' title='bbox 1070 2577 1156 2646; x_wconf 92' lang='lat' dir='ltr'><strong>aliud</strong></span> <span class='ocrx_word' id='word_1_110' title='bbox 1184 2576 1380 2662; x_wconf 83' lang='lat' dir='ltr'><strong>significavit,</strong></span> <span class='ocrx_word' id='word_1_111' title='bbox 1433 2637 1434 2640; x_wconf 74' lang='grc'>,</span> 
     </span>
     <span class='ocr_line' id='line_1_18' title="bbox 162 2692 965 2780; baseline 0 -23"><span class='ocrx_word' id='word_1_112' title='bbox 162 2710 259 2775; x_wconf 92' lang='lat' dir='ltr'><strong>quam</strong></span> <span class='ocrx_word' id='word_1_113' title='bbox 280 2692 459 2761; x_wconf 84' lang='lat' dir='ltr'><strong>iaciendum</strong></span> <span class='ocrx_word' id='word_1_114' title='bbox 482 2693 676 2780; x_wconf 75' lang='lat' dir='ltr'><strong>curavit-(ci.</strong></span> <span class='ocrx_word' id='word_1_115' title='bbox 699 2694 851 2776; x_wconf 84' lang='lat' dir='ltr'><strong>imprimis</strong></span> <span class='ocrx_word' id='word_1_116' title='bbox 872 2712 902 2758; x_wconf 94' lang='lat' dir='ltr'><strong>n.</strong></span> <span class='ocrx_word' id='word_1_117' title='bbox 919 2693 965 2778; x_wconf 88' lang='lat'><strong>3).</strong></span> 
     </span>
    </p>
   </div>
   <div class='ocr_carea' id='block_1_7' title="bbox 674 2911 787 2975">
    <p class='ocr_par' dir='ltr' id='par_1_8' title="bbox 674 2911 787 2975">
     <span class='ocr_line' id='line_1_19' title="bbox 674 2911 787 2975; baseline -0.018 0"><span class='ocrx_word' id='word_1_118' title='bbox 674 2911 787 2975; x_wconf 90' lang='grc'><strong>,1.</strong></span> 
     </span>
    </p>
   </div>
   <div class='ocr_carea' id='block_1_8' title="bbox 103 3039 1433 3238">
    <p class='ocr_par' dir='ltr' id='par_1_9' title="bbox 103 3039 1433 3238">
     <span class='ocr_line' id='line_1_20' title="bbox 250 3039 755 3125; baseline 0 -21"><span class='ocrx_word' id='word_1_119' title='bbox 250 3039 288 3104; x_wconf 96' lang='lat' dir='ltr'><strong>ln</strong></span> <span class='ocrx_word' id='word_1_120' title='bbox 310 3039 452 3122; x_wconf 91' lang='lat' dir='ltr'><strong>sepulcro</strong></span> <span class='ocrx_word' id='word_1_121' title='bbox 474 3042 560 3125; x_wconf 87' lang='lat' dir='ltr'><strong>apud</strong></span> <span class='ocrx_word' id='word_1_122' title='bbox 584 3039 755 3107; x_wconf 69' lang='lat' dir='ltr'><strong>Coliacum:</strong></span> 
     </span>
     <span class='ocr_line' id='line_1_21' title="bbox 103 3147 1433 3238; baseline 0.001 -24"><span class='ocrx_word' id='word_1_123' title='bbox 103 3147 422 3220; x_wconf 81' lang='grc' dir='ltr'><em>ΝάναςἈπολλώνιον</em></span> <span class='ocrx_word' id='word_1_124' title='bbox 434 3153 485 3216; x_wconf 82' lang='grc' dir='ltr'><strong>τὸν</strong></span> <span class='ocrx_word' id='word_1_125' title='bbox 497 3155 611 3238; x_wconf 77' lang='grc' dir='ltr'><em>ἑαυτῆς</em></span> <span class='ocrx_word' id='word_1_126' title='bbox 621 3153 721 3238; x_wconf 84' lang='grc' dir='ltr'><em>ἄνδρα</em></span> <span class='ocrx_word' id='word_1_127' title='bbox 733 3154 780 3217; x_wconf 80' lang='grc' dir='ltr'><strong>καὶ</strong></span> <span class='ocrx_word' id='word_1_128' title='bbox 791 3155 903 3238; x_wconf 75' lang='grc' dir='ltr'><em>ἑαυτὴν</em></span> <span class='ocrx_word' id='word_1_129' title='bbox 915 3153 958 3217; x_wconf 84' lang='grc' dir='ltr'><strong>ἔτι</strong></span> <span class='ocrx_word' id='word_1_130' title='bbox 967 3153 1054 3226; x_wconf 77' lang='grc' dir='ltr'><em>ζῶσα</em></span> <span class='ocrx_word' id='word_1_131' title='bbox 1065 3150 1225 3236; x_wconf 78' lang='grc' dir='ltr'><em>ἐτείρησεν</em></span> <span class='ocrx_word' id='word_1_132' title='bbox 1237 3152 1284 3215; x_wconf 78' lang='grc' dir='ltr'><strong>καὶ</strong></span> <span class='ocrx_word' id='word_1_133' title='bbox 1296 3151 1333 3214; x_wconf 83' lang='grc' dir='ltr'><strong>τὰ</strong></span> <span class='ocrx_word' id='word_1_134' title='bbox 1343 3150 1433 3216; x_wconf 83' lang='grc' dir='ltr'><em>τέκνα</em></span> 
     </span>
    </p>
   </div>
   <div class='ocr_carea' id='block_1_9' title="bbox 229 3279 1318 3367">
    <p class='ocr_par' dir='ltr' id='par_1_10' title="bbox 229 3279 1318 3367">
     <span class='ocr_line' id='line_1_22' title="bbox 229 3279 1318 3367; baseline -0.001 -21"><span class='ocrx_word' id='word_1_135' title='bbox 229 3283 330 3348; x_wconf 79' lang='grc' dir='ltr'><em>αὐτῶν</em></span> <span class='ocrx_word' id='word_1_136' title='bbox 348 3279 547 3354; x_wconf 82' lang='grc' dir='ltr'><em>Ἀπολλώνιος</em></span> <span class='ocrx_word' id='word_1_137' title='bbox 567 3286 614 3348; x_wconf 80' lang='grc' dir='ltr'><strong>καὶ</strong></span> <span class='ocrx_word' id='word_1_138' title='bbox 630 3279 767 3354; x_wconf 78' lang='grc' dir='ltr'><em>Ἀοιίλιος</em></span> <span class='ocrx_word' id='word_1_139' title='bbox 789 3285 861 3354; x_wconf 85' lang='grc' dir='ltr'><em>τοὺς</em></span> <span class='ocrx_word' id='word_1_140' title='bbox 881 3285 1002 3349; x_wconf 83' lang='grc' dir='ltr'><em>ἑαυτῶν</em></span> <span class='ocrx_word' id='word_1_141' title='bbox 1030 3285 1131 3364; x_wconf 72' lang='grc' dir='ltr'><em>γονεῖς</em></span> <span class='ocrx_word' id='word_1_142' title='bbox 1155 3279 1318 3367; x_wconf 73' lang='grc' dir='ltr'><em>ἐτεὶμηοαν</em></span> 
     </span>
    </p>
   </div>
   <div class='ocr_carea' id='block_1_10' title="bbox 227 3567 585 3661">
    <p class='ocr_par' dir='ltr' id='par_1_11' title="bbox 227 3567 585 3661">
     <span class='ocr_line' id='line_1_23' title="bbox 227 3567 585 3661; baseline -0.011 -24"><span class='ocrx_word' id='word_1_143' title='bbox 227 3567 431 3661; x_wconf 77' lang='grc' dir='ltr'><em>Ἀνδρόμαχος</em></span> <span class='ocrx_word' id='word_1_144' title='bbox 451 3569 585 3640; x_wconf 68' lang='lat' dir='ltr'><strong>larino&lt;</strong></span> 
     </span>
    </p>
   </div>
   <div class='ocr_carea' id='block_1_11' title="bbox 229 3903 1364 4218">
    <p class='ocr_par' dir='ltr' id='par_1_12' title="bbox 229 3903 1364 4218">
     <span class='ocr_line' id='line_1_24' title="bbox 229 3903 920 3999; baseline -0.007 -25"><span class='ocrx_word' id='word_1_145' title='bbox 229 3908 273 3979; x_wconf 82' lang='grc' dir='ltr'><strong>τίς</strong></span> <span class='ocrx_word' id='word_1_146' title='bbox 294 3907 331 3972; x_wconf 74' lang='grc' dir='ltr'><strong>ἂν</strong></span> <span class='ocrx_word' id='word_1_147' title='bbox 355 3909 506 3995; x_wconf 81' lang='grc' dir='ltr'><em>προοάξει</em></span> <span class='ocrx_word' id='word_1_148' title='bbox 522 3911 617 3999; x_wconf 78' lang='grc' dir='ltr'><em>χεῖρα</em></span> <span class='ocrx_word' id='word_1_149' title='bbox 639 3909 692 3998; x_wconf 76' lang='grc' dir='ltr'><strong>τὴν</strong></span> <span class='ocrx_word' id='word_1_150' title='bbox 713 3903 920 3994; x_wconf 75' lang='grc' dir='ltr'><em>βαρύφθονον</em></span> 
     </span>
     <span class='ocr_line' id='line_1_25' title="bbox 230 4017 1364 4110; baseline -0.001 -25"><span class='ocrx_word' id='word_1_151' title='bbox 230 4021 354 4092; x_wconf 81' lang='grc' dir='ltr'><em>πολλοῖς</em></span> <span class='ocrx_word' id='word_1_152' title='bbox 376 4020 494 4107; x_wconf 80' lang='grc' dir='ltr'><em>ἀώροις</em></span> <span class='ocrx_word' id='word_1_153' title='bbox 516 4017 635 4107; x_wconf 81' lang='grc' dir='ltr'><em>περιπέ-</em></span> <span class='ocrx_word' id='word_1_154' title='bbox 1349 4071 1364 4110; x_wconf 42' lang='lat' dir='ltr'><strong>p</strong></span> 
     </span>
     <span class='ocr_line' id='line_1_26' title="bbox 230 4133 520 4218; baseline -0.017 -19"><span class='ocrx_word' id='word_1_155' title='bbox 230 4157 314 4199; x_wconf 84' lang='grc' dir='ltr'><em>σοιτο</em></span> <span class='ocrx_word' id='word_1_156' title='bbox 340 4133 520 4218; x_wconf 78' lang='grc' dir='ltr'><em>ουνφοραῖς.</em></span> 
     </span>
    </p>
   </div>
   <div class='ocr_carea' id='block_1_12' title="bbox 159 4327 1381 4529">
    <p class='ocr_par' dir='ltr' id='par_1_13' title="bbox 159 4327 1381 4529">
     <span class='ocr_line' id='line_1_27' title="bbox 252 4327 1381 4416; baseline -0.009 -16"><span class='ocrx_word' id='word_1_157' title='bbox 252 4331 369 4416; x_wconf 80' lang='lat' dir='ltr'><strong>Viginti</strong></span> <span class='ocrx_word' id='word_1_158' title='bbox 391 4330 533 4397; x_wconf 90' lang='lat' dir='ltr'><strong>miliariis</strong></span> <span class='ocrx_word' id='word_1_159' title='bbox 561 4348 581 4396; x_wconf 88' lang='lat' dir='ltr'><strong>a</strong></span> <span class='ocrx_word' id='word_1_160' title='bbox 606 4327 727 4394; x_wconf 82' lang='lat' dir='ltr'><strong>Cotiaeo</strong></span> <span class='ocrx_word' id='word_1_161' title='bbox 756 4329 786 4395; x_wconf 92' lang='lat' dir='ltr'><strong>in</strong></span> <span class='ocrx_word' id='word_1_162' title='bbox 815 4330 865 4396; x_wconf 87' lang='lat' dir='ltr'><strong>via</strong></span> <span class='ocrx_word' id='word_1_163' title='bbox 886 4330 1034 4397; x_wconf 83' lang='lat' dir='ltr'><strong>Nicaeam</strong></span> <span class='ocrx_word' id='word_1_164' title='bbox 1061 4344 1170 4394; x_wconf 85' lang='lat' dir='ltr'><strong>versus</strong></span> <span class='ocrx_word' id='word_1_165' title='bbox 1197 4330 1247 4394; x_wconf 91' lang='lat' dir='ltr'><strong>est</strong></span> <span class='ocrx_word' id='word_1_166' title='bbox 1271 4343 1381 4391; x_wconf 93' lang='lat' dir='ltr'><strong>monu-</strong></span> 
     </span>
     <span class='ocr_line' id='line_1_28' title="bbox 159 4442 1034 4529; baseline -0.013 -13"><span class='ocrx_word' id='word_1_167' title='bbox 159 4452 303 4518; x_wconf 86' lang='lat' dir='ltr'><strong>mentum</strong></span> <span class='ocrx_word' id='word_1_168' title='bbox 326 4444 499 4529; x_wconf 88' lang='lat' dir='ltr'><strong>sepulcrale</strong></span> <span class='ocrx_word' id='word_1_169' title='bbox 520 4442 703 4526; x_wconf 81' lang='lat' dir='ltr'><strong>anaglyphis</strong></span> <span class='ocrx_word' id='word_1_170' title='bbox 725 4447 879 4522; x_wconf 85' lang='lat' dir='ltr'><strong>ornatum,</strong></span> <span class='ocrx_word' id='word_1_171' title='bbox 902 4443 934 4508; x_wconf 93' lang='lat' dir='ltr'><strong>in</strong></span> <span class='ocrx_word' id='word_1_172' title='bbox 956 4459 1034 4524; x_wconf 88' lang='lat' dir='ltr'><strong>quo:</strong></span> 
     </span>
    </p>
   </div>
   <div class='ocr_carea' id='block_1_13' title="bbox 159 4571 367 4589">
    <p class='ocr_par' dir='ltr' id='par_1_14' title="bbox 159 4571 367 4589">
     <span class='ocr_line' id='line_1_29' title="bbox 159 4571 367 4589; baseline 0 -11"><span class='ocrx_word' id='word_1_173' title='bbox 159 4571 367 4589; x_wconf 84' lang='lat'><em>..-—--—-</em></span> 
     </span>
    </p>
   </div>
   <div class='ocr_carea' id='block_1_14' title="bbox 235 4627 1377 4786">
    <p class='ocr_par' dir='ltr' id='par_1_15' title="bbox 235 4627 1377 4786">
     <span class='ocr_line' id='line_1_30' title="bbox 235 4627 686 4696; baseline -0.027 -8"><span class='ocrx_word' id='word_1_174' title='bbox 235 4636 258 4688; x_wconf 94' lang='lat'><strong>1.</strong></span> <span class='ocrx_word' id='word_1_175' title='bbox 278 4633 305 4684; x_wconf 83' lang='lat' dir='ltr'><strong>C.</strong></span> <span class='ocrx_word' id='word_1_176' title='bbox 324 4627 519 4696; x_wconf 83' lang='lat' dir='ltr'><strong>1.111p.1055</strong></span> <span class='ocrx_word' id='word_1_177' title='bbox 537 4645 562 4680; x_wconf 90' lang='lat' dir='ltr'><strong>n.</strong></span> <span class='ocrx_word' id='word_1_178' title='bbox 575 4627 642 4682; x_wconf 78' lang='lat'>3827</span> <span class='ocrx_word' id='word_1_179' title='bbox 661 4642 686 4676; x_wconf 82' lang='lat' dir='ltr'><strong>v.</strong></span> 
     </span>
     <span class='ocr_line' id='line_1_31' title="bbox 235 4701 1377 4786; baseline -0.012 -15"><span class='ocrx_word' id='word_1_180' title='bbox 235 4721 260 4778; x_wconf 79' lang='grc'><strong>2.</strong></span> <span class='ocrx_word' id='word_1_181' title='bbox 277 4717 372 4786; x_wconf 76' lang='lat' dir='ltr'><strong>Figura</strong></span> <span class='ocrx_word' id='word_1_182' title='bbox 389 4731 499 4769; x_wconf 89' lang='lat' dir='ltr'><strong>monum.</strong></span> <span class='ocrx_word' id='word_1_183' title='bbox 517 4731 558 4782; x_wconf 83' lang='lat' dir='ltr'><strong>ap.</strong></span> <span class='ocrx_word' id='word_1_184' title='bbox 576 4712 693 4776; x_wconf 74' lang='lat' dir='ltr'><strong>Fellows,</strong></span> <span class='ocrx_word' id='word_1_185' title='bbox 711 4711 773 4762; x_wconf 76' lang='lat' dir='ltr'><strong>Asis</strong></span> <span class='ocrx_word' id='word_1_186' title='bbox 791 4709 849 4761; x_wconf 89' lang='lat' dir='ltr'><strong>min.</strong></span> <span class='ocrx_word' id='word_1_187' title='bbox 868 4727 892 4778; x_wconf 86' lang='lat' dir='ltr'><strong>p.</strong></span> <span class='ocrx_word' id='word_1_188' title='bbox 907 4709 964 4764; x_wconf 80' lang='lat'><strong>126.</strong></span> <span class='ocrx_word' id='word_1_189' title='bbox 983 4735 1016 4746; x_wconf 88' lang='lat'>-</span> <span class='ocrx_word' id='word_1_190' title='bbox 1033 4705 1108 4760; x_wconf 79' lang='lat' dir='ltr'><strong>Titui.</strong></span> <span class='ocrx_word' id='word_1_191' title='bbox 1127 4705 1155 4757; x_wconf 84' lang='lat' dir='ltr'><strong>C.</strong></span> <span class='ocrx_word' id='word_1_192' title='bbox 1173 4705 1193 4756; x_wconf 92' lang='lat'><strong>1.</strong></span> <span class='ocrx_word' id='word_1_193' title='bbox 1211 4703 1247 4756; x_wconf 90' lang='lat' dir='ltr'><strong>Ill</strong></span> <span class='ocrx_word' id='word_1_194' title='bbox 1264 4720 1289 4754; x_wconf 89' lang='lat' dir='ltr'><strong>n.</strong></span> <span class='ocrx_word' id='word_1_195' title='bbox 1301 4701 1377 4758; x_wconf 78' lang='lat'>3830·</span> 
     </span>
    </p>
   </div>
   <div class='ocr_carea' id='block_1_15' title="bbox 0 0 1676 5376">
    <p class='ocr_par' dir='ltr' id='par_1_16' title="bbox 0 0 1676 5376">
     <span class='ocr_line' id='line_1_32' title="bbox 0 0 1676 5376; baseline 0 3"><span class='ocrx_word' id='word_1_196' title='bbox 0 0 1676 5376; x_wconf 95' lang='lat' dir='ltr'><strong> </strong></span> 
     </span>
    </p>
   </div>
  </div>
 </body>
</html>
