3330 5378
663 451 875 514 -41-

162 655 182 701 a
212 636 283 703 filiis
315 637 677 720 5555155151555515515
706 643 796 720 sunt,
827 639 908 720 quod
940 640 1065 723 quidem
1095 638 1195 703 titulis
1224 614 1377 702 artificum

158 748 376 830 comparandis
398 748 522 815 firmare
550 769 612 817 non
637 751 702 832 jam
731 768 911 832 possumus,
939 751 1013 835 quia
1039 750 1209 830 nescimus,
1236 753 1312 832 quot
1338 767 1377 814 511

157 859 230 940 illis,
253 861 307 943 qui
330 864 436 943 patres
459 880 520 927 non
543 861 778 945 inscripserunt,
801 862 842 928 ab
865 861 1037 929 artificibus
1056 861 1206 944 originem
1222 860 1377 926 duxerint.

156 972 245 1052 Quod
269 990 344 1038 vero
365 972 418 1037 alii
441 971 576 1039 fortasse
599 973 781 1057 conjiciant,
810 979 934 1055 patrum
957 975 1083 1042 nomina
1105 972 1250 1040 inferiore
1272 975 1379 1038 aetate

157 1083 256 1150 solum
280 1103 318 1150 ea
339 1084 377 1151 de
400 1103 495 1152 causa
517 1083 716 1168 frequentata
738 1105 825 1164 esse,
854 1087 928 1172 quia
949 1085 1085 1154 artifices
1107 1085 1301 1169 loquaciores
1329 1081 1376 1148 iu-

160 1196 274 1276 issent,
301 1197 394 1262 etiam
416 1194 530 1262 infimis
552 1197 746 1280 temporibus
768 1197 852 1263 tituli
874 1199 982 1280 scripti
1004 1202 1079 1264 sunt
1099 1203 1224 1280 patrum
1246 1194 1377 1262 nomini-

154 1309 215 1375 bus
238 1313 380 1375 carentes
408 1309 679 1393 (95,·101,1112,
705 1309 780 1386 105,
805 1309 879 1391 106,
904 1310 1080 1391 118,119,
1105 1306 1281 1387 121,123,
1306 1305 1376 1381 124,

161 1421 232 1500 127,
259 1421 329 1500 116,
354 1421 424 1500 149,
449 1421 519 1499 152,
544 1420 709 1502 156157,
735 1422 993 1504 165,169,170,
1018 1419 1197 1503 172171.)

84 1513 86 1518 ’
240 1531 321 1600 Sero
344 1533 470 1598 tandem
499 1531 634 1600 artifices
663 1553 701 1601 eo
728 1539 964 1618 praeceptorum
992 1534 1119 1618 pietatis
1147 1532 1377 1616 processerunt,

160 1648 198 1711 51
219 1644 329 1712 horum
353 1646 384 1711 in
407 1646 507 1713 titulis
529 1646 715 1714 mentionem
738 1644 892 1715 facerent:
1374 1669 1378 1676 ·

452 1757 616 1846 Στέφανος
636 1757 826 1829 Πασιτέλους
844 1756 992 1846 μαθητής
1015 1757 1076 1821 166

454 1869 610 1940 Μενέλαος
632 1869 797 1958 Στεφάνου
817 1868 965 1959 μαθητής
987 1870 1048 1934 167

153 1983 247 2065 quod,
270 1999 459 2066 quamquam
481 1983 513 2048 hi
536 1982 598 2049 duo
620 1988 753 2064 tantum,
776 2000 909 2065 quorum
932 1983 1012 2050 51151
1034 1981 1074 2054 ab
1095 1982 1194 2047 altero
1209 1980 1376 2048 institutus

156 2098 221 2174 551,
248 2094 349 2160 1511511
372 2099 460 2175 5551,
490 2096 664 2179 complures
687 2095 796 2162 1551555
819 2113 934 2179 negare
962 2113 1023 2160 non
1051 2111 1228 2177 possumus.
1274 2094 1375 2172 Quam
1413 2103 1415 2108 '

153 2210 240 2272 51515
263 2211 370 2272 551515
392 2211 612 2291 praeceptores
634 2225 706 2274 cum
735 2206 896 2290 discipulis
927 2207 1095 2274 cohaerere
1123 2210 1244 2272 1515155
1273 2203 1377 2270 existi-

153 2317 278 2400 marint,
301 2319 473 2385 Pausanias
488 2319 542 2400 VI,
565 2319 593 2398 3,
618 2321 652 2383 6:
677 2317 845 2388 Σικυώνιος
866 2316 1048 2405 Κάνθαρος,
1072 2316 1222 2390 Ἀλέξιδος
1241 2315 1299 2400 μὲν
1321 2325 1376 2378 παὲ

155 2429 239 2515 τοὺς,
264 2429 430 2522 Εὐτυχίδου
455 2429 491 2493 dl
513 2429 557 2494 ὢν
580 2429 777 2494 διδασκάλου.
802 2416 1132 2513 'Apolloniusauoem
1155 2435 1187 2495 et
1208 2428 1377 2495 Tauriscus

155 2547 339 2624 »parentum
363 2545 520 2609 certamen
544 2543 638 2610 11555
665 2540 768 2610 fecere
791 2543 1002 2609 Menecratem
1032 2542 1132 2609 videri
1159 2540 1292 2626 professi
1319 2539 1373 2606 sed

153 2672 225 2720 5555
247 2654 421 2722 naturalem
444 2654 694 2721 Artemidorum«
720 2654 812 2739 (Plin.
829 2655 973 2735 XXXVI,
997 2655 1080 2740 34),
1109 2659 1141 2720 51
1163 2654 1373 2720 Menecraten

153 2772 389 2850 praeceptorem
418 2766 516 2834 fuisse
544 2769 583 2834 de
610 2768 671 2833 illis
700 2766 849 2834 fratribus
876 2768 992 2850 optime
1019 2768 1164 2834 meritum
1193 2769 1278 2833 15515
1300 2763 1374 2829 Les·

154 2877 276 2960 singins
298 2880 459 2963 conjecit¹.
504 2880 683 2947 Memineris
706 2878 801 2947 etiam
823 2880 1023 2963 Hippocratis
1041 2879 1123 2962 juris
1147 2876 1291 2960 jurandi,
1320 2873 1374 2940 ubi

152 2989 243 3056 haec:
267 2988 446 3079 ἡγήσασθαι
465 2989 524 3076 μὲν
547 2992 598 3055 τδν
621 2990 794 3066 διδάξαντα
811 3014 852 3076 με
875 2993 929 3081 τὴν
952 2991 1060 3081 τέχνην
1082 2990 1195 3078 ταύτην
1216 2988 1269 3052 ἶσα
1292 2986 1373 3070 γενέ-

156 3123 244 3189 τῃσιν
266 3101 409 3186 apulusfl.
1186 3127 1189 3134 ’

240 3215 327 3294 Quae
357 3234 426 3283 cum
456 3216 501 3282 ita
531 3217 610 3297 sint,
641 3215 771 3284 forsitan
801 3215 939 3296 mireris,
972 3233 1117 3283 551555
1147 3214 1207 3295 illi,
1242 3230 1374 3296 quorum

155 3325 297 3410 magistri
320 3347 381 3394 non
404 3327 669 3411 5511551551551,
694 3327 853 3412 magistris
876 3327 1034 3409 inscriptis
1056 3345 1090 3394 se
1117 3325 1373 3404 commendarint,

152 3439 338 3520 praesertim
361 3459 431 3507 5515
453 3440 510 3507 1155
538 3460 725 3524 cognoscere
752 3445 895 3507 ueterum
922 3441 975 3522 qui
1005 3440 1044 3506 de
1074 3445 1142 3506 5115
1171 3437 1371 3519 scripserunt,

153 3555 278 3618 tantum
299 3552 475 3619 interesset.
521 3551 583 3620 Sed
606 3572 658 3619 ars
681 3572 701 3618 a
722 3553 907 3637 patribus
929 3557 1059 3635 accepta
1080 3551 1194 3617 summi
1210 3549 1375 3617 aestimata

153 3663 342 3746 ostiaque

349 3765 517 3838 Εὐτελίδας
538 3772 586 3830 καὶ
608 3764 809 3854 Χρυσόθεμις
832 3765 907 3831 τάδε
930 3763 1008 3852 ἔργα
1031 3764 1180 3830 τέλεσσαν

349 3878 484 3963 Ἀργεῖοι,
508 3878 616 3968 τέχναν
640 3879 760 3950 εἰδότες
781 3878 816 3943 ἐκ
839 3877 992 3966 πατέρων.

154 3989 334 4077 (προτέρων
367 4009 441 4057 5155.
474 3991 546 4058 vida
578 3993 645 4074 syll.
679 4011 739 4058 scr.
770 3991 814 4075 3.)
870 3990 932 4058 Sed
960 3990 1034 4075 quid
1062 3987 1225 4070 exempla?
1260 3987 1375 4052 diserte
1440 4079 1443 4084 Ι

153 4103 236 4168 55151
261 4102 423 4170 Vitruvius
447 4103 558 4187 (praef.
583 4105 626 4170 1v
649 4123 678 4186 p.
697 4104 737 4168 63
760 4104 810 4169 ed.
834 4103 916 4168 Rosa
938 4108 971 4168 et
992 4098 1258 4183 Miller-Strdb.):
1284 4098 1374 4181 »ipsi-

151 4233 216 4296 que
244 4213 505 4282 1111111555....
536 4217 562 4281 si
590 4237 650 4282 non
680 4217 813 4300 pecunia
843 4217 906 4282 sint
935 4217 1051 4299 copiosi
1079 4233 1135 4280 seu
1164 4214 1375 4279 vetustate

152 4325 411 4393 officinarum
433 4327 601 4394 habuerint
629 4329 772 4394 notitiam
796 4378 804 4393 .
828 4377 835 4390 .
861 4377 867 4390 .
893 4375 900 4391 .
930 4344 987 4410 pro
1015 4327 1171 4394 industria
1199 4323 1374 4396 studiorum

153 4439 360 4506 auctoritates
384 4459 445 4506 non
467 4447 599 4523 possunt
619 4440 764 4507 habere«

150 4553 361 4562 —-—-·—--

225 4602 364 4672 1151553.
382 4602 505 4658 moon.
525 4603 652 4672 §narn
669 4620 694 4672 p.
710 4605 759 4658 151
776 4602 827 4670 (aa
846 4601 918 4669 55.)
936 4565 1056 4656 annau
1073 4619 1098 4672 p.
1110 4604 1170 4664 111.

224 4691 236 4732 ²
250 4689 415 4758 Hippocratis
433 4705 511 4758 opera
528 4689 567 4742 od.
586 4689 689 4740 11111151
707 4707 731 4760 p.
747 4693 770 4751 l,
