3330 5378
622 499 834 565 ..53-

117 676 305 756 artificibus,
332 680 386 762 qui
408 701 473 748 una
496 702 592 767 opero
614 686 831 767 perfecissent,
860 709 968 772 parem
992 690 1098 759 deberi
1125 690 1258 774 gratiam
1285 689 1345 758 sibi

116 797 347 872 persuaserant.
1316 813 1319 820 ’

202 901 292 980 Quod
313 923 388 974 vero
411 911 459 975 tot
482 907 595 976 Graeci
617 908 754 978 artifices
777 931 840 978 nna
861 932 957 994 opera
979 912 1137 993 iecerunt,
1166 918 1345 980 nostrorum

117 1027 293 1105 temporum
327 1037 447 1086 memor
479 1020 612 1087 forsitan
645 1020 785 1098 mireris3
820 1023 875 1089 sed
904 1024 1080 1091 Pausaniae
1112 1025 1344 1116 meminerimus

116 1134 154 1214 V,
178 1135 218 1198 27
242 1135 259 1218 ξ
283 1136 320 1199 8;
344 1134 361 1196 ὁ
385 1134 494 1222 Ερμῆς
515 1135 532 1196 ὁ
556 1134 607 1196 τὸν
636 1134 719 1218 κριὸν
748 1133 856 1220 φέρων
872 1184 980 1199 .....
1003 1134 1127 1200 Ὀνάταν
1158 1135 1193 1200 δὲ
1222 1139 1274 1200 τὸν
1297 1137 1343 1200 At·
1378 1195 1383 1208 ,
1407 1217 1410 1221 ¹

116 1247 241 1333 γινητην
270 1245 326 1310 σὺν
354 1245 390 1308 δὲ
419 1244 506 1330 αὐτῷ
533 1244 715 1334 Καλλιτέλην
744 1245 942 1332 ἐργάσασθαι
973 1248 1055 1331 λέγει
1084 1249 1117 1312 τὸ
1149 1247 1342 1335 ἐπίγραμμα·

116 1356 218 1421 δοκεῖν
241 1356 277 1421 δέ
296 1381 350 1442 μοι
372 1361 426 1421 τοῦ
448 1356 579 1421 ’θνάτα
598 1355 785 1448 μαθητὴς
812 1359 831 1448 η
860 1363 949 1432 παῖς
970 1362 987 1424 ὁ
1012 1359 1256 1448 Καλλιτέλης
1285 1359 1341 1450 ἦν,

115 1469 200 1551 qnod
222 1469 309 1535 iilum
332 1470 404 1536 ideo
432 1470 591 1536 addidisse
612 1475 706 1554 puto,
735 1472 819 1554 quod
844 1473 1046 1556 plerumque,
1074 1473 1128 1557 qni
1157 1492 1219 1538 nna
1246 1491 1343 1556 opera

114 1582 265 1663 facerunt,
290 1581 470 1648 arctissimo
492 1580 628 1648 familiae
650 1589 706 1649 ant
728 1583 910 1668 disciplinae
933 1585 974 1668 (v.
991 1575 1021 1665 p.
1034 1585 1090 1669 41)
1109 1584 1233 1651 vinculo
1252 1588 1343 1651 erant

114 1695 281 1777 conjuncti.
318 1694 387 1761 Hoc
415 1699 520 1761 autem
543 1694 702 1780 exemplis,
724 1715 805 1778 qnae
826 1698 1056 1782 proposuimus,
1078 1697 1158 1764 bene
1181 1695 1339 1762 firmatur:

115 1807 259 1874 undecim
281 1812 388 1891 patres
411 1826 483 1874 cum
504 1806 575 1874 tiliis
598 1809 798 1876 inveniuntur
828 1811 876 1893 (l:
905 1811 935 1873 4.
960 1810 1011 1873 27.
1036 1810 1085 1873 29.
1110 1809 1167 1889 31;
1198 1809 1233 1873 2:
1257 1809 1285 1872 6.
1310 1810 1339 1872 7.

114 1921 145 1982 9.
162 1919 220 1992 ,12.
246 1917 295 1984 13.
320 1921 369 1983 17.
393 1920 475 2003 21),
504 1957 545 1966 -
574 1920 750 2000 quodcum
772 1926 879 2004 patres
901 1920 1070 2003 inscriptos
1093 1920 1166 1985 inde
1187 1918 1340 2000 originem

116 2031 242 2097 duxisse
272 2030 441 2096 viderimus
471 2031 514 2113 (p.
538 2031 610 2114 42),
640 2031 739 2097 multo
769 2033 894 2115 saepius
925 2032 1065 2098 evenisse
1095 2035 1339 2097 consentaneum

114 2146 179 2218 est3
194 2179 236 2189 -
250 2142 429 2226 quindecim
444 2141 576 2209 fratrum
591 2144 681 2225 paria
695 2149 770 2210 sunt
785 2143 832 2227 (l:
851 2145 879 2207 1.
904 2144 933 2206 2.
956 2143 985 2206 5.
1010 2144 1039 2206 7·.
1063 2143 1113 2206 20.
1138 2141 1188 2204 26.
1212 2142 1262 2206 28.
1286 2141 1337 2206 30.

114 2253 166 2318 32.
195 2254 231 2319 2:
262 2255 290 2318 1.
314 2254 343 2318 5.
367 2254 396 2317 8.
420 2254 471 2317 22.
495 2254 546 2319 25.
571 2255 626 2337 29)
655 2291 697 2302 -
726 2260 758 2320 et
780 2255 819 2319 de
841 2253 992 2321 iratribus
1008 2252 1186 2319 'Pausanias
1208 2254 1228 2317 l.
1252 2253 1272 2318 i.
1301 2272 1339 2318 ex

118 2365 211 2432 certis
234 2364 423 2449 quibusdam
445 2366 548 2431 causis
570 2383 632 2431 non
655 2365 810 2448 cogitasse
831 2365 973 2445 videtur;
996 2401 1037 2414 -
1060 2365 1109 2431 515
1125 2364 1338 2447 duodeviginti

114 2475 265 2560 artifices,
296 2495 430 2560 quorum
452 2478 747 2560 depropinquitote
769 2477 847 2543 nihil
879 2481 1017 2552 constat,
1047 2481 1131 2544 certe
1160 2494 1198 2542 ex
1227 2477 1337 2542 eadem

113 2590 193 2657 urbe
214 2590 314 2655 exorti
336 2594 410 2662 sunt
438 2590 486 2674 (l:
510 2590 539 2654 3.
565 2590 613 2654 12.
638 2590 687 2653 14.
713 2590 761 2654 15.
787 2590 835 2654 19.
861 2589 911 2652 22.
935 2588 986 2652 23.
1010 2588 1061 2651 24.
1085 2589 1135 2652 25.
1166 2588 1203 2668 2,
1232 2588 1261 2652 2.
1286 2588 1335 2650 14.

115 2702 165 2765 16.
190 2702 239 2766 19.
263 2701 312 2765 20.
337 2701 387 2765 23.
411 2701 461 2766 24.
485 2701 566 2784 27.);
595 2702 644 2768 515
666 2681 808 2785 quinque
830 2705 969 2782 tantum,
992 2699 1046 2783 qui
1066 2698 1151 2766 haud
1174 2699 1267 2765 dubie
1289 2699 1335 2766 in·

113 2812 227 2880 seriore
248 2816 353 2880 aetate
375 2811 517 2890 suerunt,
546 2812 677 2878 diversis
698 2799 851 2894 patribus
865 2816 955 2878 natos
978 2829 1048 2880 5555
1069 2810 1171 2876 titulis
1194 2810 1335 2892 docetur,

113 2927 163 3010 (2:
188 2926 304 2991 1516.
326 2925 376 2990 24.
399 2925 450 2989 26.
466 2924 520 3009 28)
544 2943 581 2990 ex
603 2925 717 3007 quibus
739 2925 788 2992 bis
812 2914 873 2990 duo
895 2929 1018 2990 tantum
1036 2921 1172 3010 (2628)
1195 2920 1334 2989 diversas

111 3039 231 3122 patrias
253 3038 400 3105 habuisse
422 3037 577 3104 videntur.

198 3149 291 3216 Haud
312 3167 406 3233 saepe
427 3155 532 3216 autem
554 3149 624 3234 plus
649 3150 710 3217 duo
733 3149 889 3234 conjuncti
911 3149 1115 3250 inveniuntur¹
1134 3149 1183 3230 (1:
1207 3147 1257 3211 27.
1281 3147 1331 3210 29.

112 3261 236 3344 2:22).

197 3374 339 3456 Denique
361 3377 408 3439 καὶ
424 3375 571 3440 omissum
595 3374 644 3458 (2z
667 3374 696 3437 3.
721 3374 749 3437 5.
774 3372 802 3436 6.
827 3374 856 3436 7.
880 3372 909 3437 8.
934 3373 998 3457 10.)
1021 3377 1054 3438 51
1081 3372 1170 3439 verbi
1198 3370 1332 3440 faciendi

111 3485 214 3552 dualis
237 3485 421 3574 ἐποιησάτην
444 3487 492 3570 (2:
516 3486 545 3550 2.
568 3486 612 3569 3.)
635 3485 819 3569 antiquioris
842 3485 955 3551 aetatis
977 3502 1048 3582 esse
1070 3483 1225 3584 videntur.

111 3659 222 3714 Psoron.
240 3659 265 3722 1,
283 3659 331 3721 23,
354 3660 370 3714 9
397 3643 429 3698 ..'
458 3611 591 3726 syll.'10),
613 3658 721 3711 fortasse
744 3655 820 3710 etiam
840 3655 990 3709 Timarchus
1013 3655 1175 3724 Cephisodoti
1198 3659 1274 3710 mator
1299 3655 1331 3712 uf.

109 3743 307 3810 Pliaxxxvi,
326 3745 367 3799 24.
