3330 5378
541 1655 544 1662 ,
650 1559 816 1638 aanor
841 1560 871 1635 1.

729 1768 798 1853 s1·
990 1806 995 1813 -
1311 1843 1314 1848 ,

267 1934 325 2025 os
353 1928 531 2052 nuruis,
557 1927 672 2035 'Quos
692 1927 814 2021 ‘nuuc
842 1926 1060 2047 nunnus,
1087 1925 1266 2020 aalma.
1377 1980 1382 1988 -

154 2165 197 2282 Si
224 2212 294 2297 quis
326 2211 434 2278 titulos
465 2214 605 2278 veterum
632 2207 787 2276 artificum
815 2212 951 2276 tractare
979 2207 1038 2275 sibi
1065 2208 1242 2291 proposuit,
1271 2204 1374 2274 lacere

154 2342 217 2390 non
241 2329 365 2407 potest,
401 2323 477 2405 quin
505 2331 524 2388 a
550 2320 742 2388 Graecorum
770 2319 872 2386 titulis
903 2319 1083 2403 disputandi
1110 2318 1232 2386 initium
1261 2319 1372 2401 capiat.

155 2435 302 2516 Quamvis
325 2435 406 2502 enim
432 2435 466 2499 in
488 2434 630 2516 Aegypto
659 2439 691 2499 et
713 2433 860 2516 Assyria,
888 2449 967 2514 quas
992 2432 1058 2515 J'am
1085 2436 1134 2497 tot
1161 2431 1277 2510 seculis
1302 2434 1375 2496 ante

155 2547 318 2614 Graeciam
339 2544 482 2613 floruisse
504 2544 791 2626 constatftempla,
813 2547 957 2623 statuae,
980 2561 1070 2624 uasa,
1097 2562 1246 2638 gemmae,
1268 2560 1376 2609 monu-

155 2663 261 2726 menta
283 2659 418 2741 cujusvis
440 2659 564 2740 generis
593 2661 719 2724 servata
747 2660 873 2737 extent,
901 2675 1000 2740 eaque
1029 2653 1159 2723 mirifica
1185 2655 1375 2738 integritate,

156 2775 315 2836 auctorem
343 2770 508 2853 seipsum
537 2785 735 2851 nuncupasse
766 2767 798 2832 in
826 2784 934 2849 opere,
962 2767 1044 2850 quod
1073 2767 1220 2850 perfecit,
1248 2784 1376 2850 prorsus

156 2881 330 2947 inauditum
352 2885 410 2947 est.
454 2881 498 2946 At
519 2878 640 2946 Graeca
660 2876 803 2958 artificia,
833 2877 949 2961 quippe
970 2881 1052 2959 quae
1073 2897 1131 2947 nec
1152 2883 1216 2945 tam
1238 2879 1377 2964 ingentia

156 2991 298 3059 sint-nec
320 2995 385 3057 tam
406 2990 511 3071 firma,
541 3010 634 3075 quam
656 2989 811 3072 Aegyptia
840 2994 873 3054 et
894 2989 1043 3072 Assyria,
1072 3009 1141 3058 curn
1169 2991 1283 3059 misere
1309 3011 1375 3057 mu·

156 3102 248 3168 dilata
275 3107 412 3169 aetatem
440 3101 586 3184 tulerint,
620 3102 744 3168 omnino
774 3100 915 3168 diversos
943 3100 1097 3168 artificum
1131 3103 1267 3184 animos,
1300 3101 1377 3168 artis

158 3213 342 3298 dignitatem
364 3213 520 3280 diversam
541 3215 627 3297 ipsae
646 3214 712 3295 jam
735 3212 976 3296 antiquissimae
991 3212 1144 3280 artificum
1160 3213 1380 3297 inscriptiones

158 3325 253 3392 etiam
274 3329 382 3392 nostra
404 3329 509 3391 aetate
530 3325 683 3390 evincunt.
719 3323 823 3406 Atque
847 3323 880 3388 in
902 3323 951 3389 his
967 3329 1085 3405 quanta
1100 3329 1211 3407 regnat
1225 3323 1376 3391 varietas!

157 3435 301 3502 Primum
324 3435 406 3502 enim
429 3434 564 3502 artifices
587 3436 738 3518 cujusque
760 3435 883 3516 generis
904 3433 1048 3502 facillime
1071 3436 1301 3502 discernuntur:
1317 3434 1379 3501 alia

158 3563 194 3613 se
214 3546 403 3614 inscribendi
424 3547 507 3614 ratio
528 3545 703 3626 saecularii,
725 3545 789 3612 alia
809 3545 1070 3629 sculptoris-alia
1085 3546 1218 3628 denique
1233 3545 1379 3612 statuarii

159 3657 421 3741 sculptorisque¹‚
443 3677 506 3742 qua
526 3656 653 3738 quidem
675 3674 710 3723 re
732 3656 946 3723 intercessisse
969 3655 1118 3740 quiddam
1140 3657 1223 3724 inter
1243 3655 1378 3725 artifices

114 3759 117 3766 ’
158 3786 260 3850 neque
282 3788 388 3836 omnes
410 3770 547 3836 omnium
570 3787 720 3852 generum
743 3767 852 3836 eadem
879 3768 964 3836 vitae
991 3751 1179 3837 condicione
1198 3786 1272 3835 usos
1300 3777 1379 3850 esse,

159 3885 196 3946 ut
217 3881 382 3948 voluerunt
404 3881 566 3965 quidam²‚
590 3881 764 3949 luculenter
786 3878 929 3948 effectum
951 3881 1086 3949 videtur.

233 4088 342 4142 ¹Lieeet
358 4090 466 4141 breviter
482 4089 621 4156 adnotare,
646 4095 671 4141 et
688 4103 803 4140 rasorum
821 4087 935 4140 fictilium
953 4088 1103 4142 confectores
1120 4096 1147 4142 et
1162 4089 1299 4159 sculptores
1321 4108 1377 4142 me·

159 4173 263 4242 pissime
287 4175 342 4226 sole
363 4174 464 4226 nomine
486 4174 605 4244 operibns
629 4175 785 4242 inscripsisse
809 4191 866 4227 eum
890 4176 964 4227 verbo
988 4163 1096 4229 ieeieudi
1118 4177 1262 4244 conjunctu
1288 4177 1378 4246 quodni

160 4259 211 4312 slis
228 4260 259 4312 de
277 4277 305 4312 se
323 4259 413 4312 indicia
431 4261 552 4323 fecerunt,
570 4277 613 4313 eos
632 4261 765 4314 statuamos
783 4261 988 4329 scriptoresque,
1007 4263 1050 4329 qui
1069 4262 1144 4315 modo
1161 4271 1259 4332 petrum
1277 4263 1379 4316 nomine

159 4345 235 4398 modo
254 4346 345 4416 patrias
363 4345 524 4408 addiderunt,
543 4345 653 4399 imitatos
672 4364 728 4399 esse
746 4353 834 4414 postes
850 4346 997 4401 ridebimus.

230 4430 283 4486 204
301 4431 330 4482 F.
347 4430 488 4483 Hermann:
508 4430 612 4484 Studien
635 4433 679 4486 der
696 4433 788 4502 griech.
801 4433 924 4486 Rdnstler
940 4434 1083 4503 (Gdttinger
1096 4433 1201 4488 Studien
1215 4435 1290 4504 1847)
1307 4453 1333 4502 p·
1344 4437 1379 4491 44

161 4537 217 4587 sqq.
236 4517 305 4570 idem
322 4517 347 4568 in
360 4517 567 4570 Privat-Alterth.
587 4519 656 4584 542,
672 4520 710 4575 13.
729 4547 762 4558 -
779 4519 812 4571 Η.
826 4519 994 4588 Frohberger:
1013 4521 1044 4572 de
1061 4521 1179 4589 opificum
1197 4521 1264 4589 apud
1282 4528 1378 4574 veteres

161 4607 271 4658 anem
289 4603 431 4676 eonditione
448 4604 563 4670 (Grimse
580 4603 762 4658 Mncccnxv
765 4605 788 4671 1)
810 4623 835 4674 p.
849 4606 881 4660 17
900 4623 937 4671 sq.
960 4607 1003 4673 qni
1022 4623 1108 4658 omnes
1125 4605 1233 4659 artifices
1250 4606 1318 4675 apud
1334 4623 1377 4660 re-

163 4701 235 4744 terer
253 4691 353 4743 sordide
373 4691 466 4741 vixisse
483 4689 614 4742 voluerunt
632 4691 765 4758 praecipue
788 4690 995 4759 philosophorum
1018 4692 1154 4745 sententies
1177 4693 1270 4752 seruth
1294 4699 1380 4745 dentre

1162 4781 1175 4833 l
