3330 5378
814 399 1023 464 „40-

397 595 467 660 Jam
484 597 521 656 ut
536 593 574 657 ad
591 589 817 656 statuariorum
833 587 1088 670 sculptornmque
1104 587 1212 654 titulos
1228 592 1432 666 revertamur,
1451 602 1535 666 quaa

310 706 481 772 constituta
504 702 650 770 uidentur
671 701 808 768 brevitor
830 704 1023 782 repetamus:

398 819 425 880 l.
450 817 485 882 In
508 815 613 882 multis
637 812 789 879 artificum
815 811 915 878 titulis
937 815 1043 893 patres
1066 811 1209 894 inscripti
1230 809 1315 876 haud
1339 809 1432 876 dubie
1460 809 1536 876 arti·
1592 835 1597 844 ·

311 929 384 997 tices
414 934 502 1008 sunt,
533 927 616 1009 quod
647 925 829 1008 saepissime
858 923 959 990 solum
990 941 1027 988 ex
1057 922 1126 988 aliis
1153 915 1538 1006 inscriptionibua,‘quae

313 1060 386 1109 casu
409 1040 538 1106 t'ortuito
561 1043 705 1118 repertae
728 1041 811 1111 sunt,
835 1034 1032 1100 manifestum
1056 1039 1118 1110 est3
1141 1034 1247 1115 itaque
1261 1033 1346 1118 quod
1360 1033 1537 1114 permultos

312 1157 418 1238 patras
442 1151 608 1231 inscriptos
631 1145 767 1214 artifices
790 1146 886 1212 fuisse
909 1165 992 1212 nunc
1019 1147 1143 1229 quidem
1172 1145 1299 1228 probari
1328 1164 1390 1211 non
1420 1150 1538 1226 potest,

313 1263 441 1332 minoris
464 1267 512 1328 est
533 1261 696 1335 momenti;
724 1259 909 1343 praesertim
932 1276 1002 1326 cum
1024 1257 1109 1324 baud
1132 1277 1251 1341 paucae
1274 1277 1311 1325 ex
1333 1257 1394 1323 illis
1425 1258 1539 1322 inscri-
1637 1239 1638 1246 ἵ

314 1376 472 1462 ptionibus
495 1373 641 1439 inferiore
664 1377 768 1438 aetate
791 1373 927 1454 scriptae
950 1371 1023 1453 sint,
1045 1390 1137 1453 quam
1157 1373 1245 1456 cujus
1261 1369 1396 1438 artifices
1412 1375 1540 1436 veteres

315 1489 484 1571 scriptores
506 1489 766 1551 memoraverunt.

402 1599 431 1662 2.
455 1596 630 1678 Scriptores
660 1602 781 1662 veteres
811 1614 864 1662 eos
894 1600 1015 1661 tantum
1045 1593 1199 1661 artificum
1228 1599 1334 1680 patres
1364 1598 1541 1665 memoriae

317 1713 492 1797 prodidisse
519 1709 678 1788 videntur,
707 1708 759 1791 qui
789 1705 924 1774 artifices
951 1707 1068 1790 stipsi
1097 1705 1236 1783 fueranta
1264 1728 1327 1793 qua
1354 1709 1387 1774 in
1415 1710 1543 1777 ratione

318 1824 443 1892 omnino
471 1821 741 1903 inscriptionibus,
771 1824 926 1903 quatenus
954 1838 1140 1904 cognoscere
1167 1821 1257 1904 licet,
1288 1823 1456 1889 concinunt
1487 1824 1542 1908 (ci.

283 1995 285 1999 ,
318 1955 348 2020 p.
365 1937 406 2002 30
429 1955 474 2019 sq.
499 1937 527 2000 1.
552 1935 581 1997 2.
606 1935 655 1998 18.
679 1953 708 2016 p.
725 1935 765 1997 36
789 1952 855 2016 sqq.
880 1932 972 2016 nott.)

282 2041 284 2050 ’
404 2048 433 2113 3.
456 2047 575 2114 Eadem
600 2045 630 2113 vi
653 2053 702 2112 est
715 2046 822 2129 patris
845 2063 956 2112 nomen
979 2046 1162 2129 inscriptum
1186 2047 1217 2111 in
1246 2046 1344 2114 titulis
1372 2045 1544 2130 artificum,

319 2160 372 2244 qui
393 2177 531 2242 gemmas
554 2157 749 2239 scalpserunt
772 2163 804 2223 et
825 2175 901 2222 vasa
922 2156 1030 2223 fictilia
1050 2157 1258 2225 confecerunt.

405 2273 492 2352 Quae
515 2290 584 2337 curn
606 2271 652 2335 ita
674 2271 751 2351 sint,
775 2269 866 2335 nimis
888 2269 991 2335 audax
1015 2269 1148 2336 sortasse
1170 2289 1231 2335 non
1255 2269 1425 2345 videbitur,
1454 2274 1545 2354 quod

320 2386 511 2468 conjicimus
533 2384 738 2466 praecipue
761 2401 824 2450 eos
846 2382 1061 2449 statuarios
1083 2383 1546 2466 sculptoresquenomina

320 2503 476 2582 patrum
500 2496 690 2577 operibns
713 2495 992 2578 inscripsisse,
1020 2496 1088 2580 qui
1111 2501 1233 2563 artem
1255 2501 1503 2579 acceperant
1525 2519 1548 2565 a

321 2609 582 2695 genitoribus

343 2722 349 2733 '
407 2724 450 2788 At
464 2721 651 2786 Praxitelem
668 2719 870 2805 Cephisodoti
884 2721 1083 2788 Atheniensis
1106 2720 1203 2788 filium
1225 2721 1321 2790 fuisse
1337 2741 1439 2790 nonne
1454 2727 1546 2790 recte

323 2835 449 2918 quidam
470 2833 660 2898 voluerunt?
682 2834 745 2898 sed
760 2837 881 2916 patrem
899 2853 960 2898 non
976 2835 1149 2918 inscripsit;
1173 2834 1242 2920 (30)
1257 2854 1297 2900 ne
1312 2833 1549 2918 Cephisodotus

323 2945 447 3029 quidem
476 2951 508 3011 et
535 2943 718 3010 Timarchus
742 2944 809 3029 (35)
839 2945 871 3010 in
899 2945 999 3011 titulis
1027 2947 1127 3029 patris
1156 2947 1321 3014 Praxitelis
1351 2948 1546 3015 mentionem

321 3057 472 3124 iecerunt.
517 3058 613 3124 Recte
637 3075 758 3123 mones:
788 3061 820 3122 et
844 3058 910 3140 jam
939 3059 1041 3125 elucet
1068 3077 1138 3125 cum
1165 3078 1226 3125 non
1244 3057 1365 3127 'omnes
1394 3057 1548 3138 artifices,

324 3170 438 3253 quibus
461 3174 567 3253 patres
590 3175 689 3235 artem
712 3170 922 3247 tradiderant,
952 3190 1059 3238 eorum
1083 3172 1208 3238 nomina
1237 3173 1382 3255 operibus
1411 3173 1548 3258 inscrip-

324 3283 417 3362 sisse,
451 3288 517 3347 tum
545 3282 713 3364 praecipue
743 3299 879 3348 summos
908 3280 1042 3350 artifices
1069 3285 1107 3349 iis
1136 3304 1197 3350 noo
1227 3303 1296 3351 esse
1325 3302 1414 3364 usos;
1448 3286 1550 3356 immo

325 3413 397 3460 vero
420 3393 452 3458 bi
474 3399 599 3476 patrum
622 3393 811 3460 mentionem
833 3395 881 3461 val
905 3393 1013 3478 fugere
1036 3396 1195 3477 videntur,
1221 3415 1291 3462 cum
1314 3395 1550 3479 Cephisodotus

326 3513 358 3574 et
379 3506 561 3576 Timarchus
585 3523 623 3570 ne
646 3506 678 3571 in
701 3506 836 3572 dedicati
864 3509 989 3590 quidem
1018 3509 1121 3591 operis
1149 3509 1350 3592 inscriptione
1377 3528 1411 3574 se
1434 3508 1547 3576 Praxi·

326 3620 397 3686 telis
419 3618 499 3684 filios
523 3637 591 3685 esse
614 3618 745 3701 professi
769 3620 840 3685 sint.
885 3620 935 3685 Ita
958 3621 1040 3703 quod
1063 3621 1163 3704 primo
1187 3622 1299 3688 obtutu
1321 3621 1361 3686 ad
1386 3619 1549 3690 artificum

325 3738 451 3816 gentem
478 3731 674 3798 indicandam
704 3732 861 3815 pertinere
893 3732 1033 3813 videtur,
1067 3733 1203 3815 pertinet
1232 3732 1272 3798 ad
1302 3739 1419 3813 artem,
1451 3754 1551 3817 quam

325 3853 441 3926 patrea,
464 3845 518 3926 qui
540 3845 671 3927 spectati
693 3843 828 3912 artifices
851 3845 985 3921 fuerant,
1012 3845 1061 3912 vel
1084 3852 1184 3912 morte
1205 3846 1328 3929 abrepti
1350 3846 1441 3927 quasi
1462 3865 1551 3914 corn·

326 3956 539 4038 mandarunt1,
563 3957 715 4037 imprimis
738 3958 833 4040 igitur
855 3958 1026 4025 mediocres
1046 3955 1181 4024 artifices
1195 3961 1322 4041 patrum
1336 3959 1462 4025 nomina
1478 3963 1550 4028 suis

327 4067 485 4133 addidisse
506 4069 667 4144 videntum
696 4088 789 4150 quam
812 4071 851 4134 ob
874 4088 941 4138 rem
963 4068 1110 4136 inferiore
1137 4073 1242 4138 aetate
1267 4077 1392 4153 patrum
1420 4071 1552 4144 nomina

328 4309 443 4346 vasorum
461 4293 567 4344 Nearchi
586 4303 610 4345 ot
630 4293 746 4356 Timonis
769 4297 857 4348 merito
881 4297 978 4348 moneri
1003 4305 1086 4364 potest
1093 4315 1101 4358 ;
1124 4305 1236 4349 attamen
1260 4297 1370 4366 exempli
1394 4298 1432 4350 vis
1459 4299 1551 4366 cadara

328 4389 422 4432 manat:
443 4397 502 4430 nam
521 4381 576 4432 vida
595 4398 660 4449 quac
672 4383 798 4435 annius
817 4385 850 4450 (11
870 4403 897 4452 p.
910 4385 968 4445 653,
988 4386 1048 4450 681)
1066 4385 1098 4436 de
1115 4403 1229 4438 rasorum
1241 4385 1446 4453 inscriptionibus
1458 4397 1550 4452 posta÷

330 4466 395 4518 riora
412 4474 526 4534 ternpore
544 4469 657 4536 repetitis
675 4469 816 4532 adnotavit;
836 4471 925 4523 littaris
943 4480 1025 4525 antam
1045 4472 1134 4524 iisdem
1153 4473 1192 4526 usi
1205 4481 1264 4526 sunt
1275 4471 1404 4526 Nearchus
1416 4481 1442 4531 ct
1453 4471 1552 4532 Tlcson

329 4552 464 4620 fraterque,
482 4552 549 4620 quod
568 4555 640 4606 nobis
658 4555 699 4606 bic
716 4556 776 4608 satis
794 4567 840 4608 ast.

398 4643 407 4680 1
422 4637 460 4690 Cf.
478 4638 546 4706 quod
563 4657 609 4693 nos
627 4640 732 4694 dicimus
752 4644 822 4707 ,aine
841 4643 947 4698 Firma.‘⁶
