3330 5378
570 1188 939 1290 PRAEFATIO.

143 1399 188 1491 Ut
208 1426 405 1510 quaestiones
427 1426 520 1492 nimis
536 1423 674 1494 difficiles
689 1431 722 1494 et
745 1432 902 1495 contortas
918 1428 1080 1511 aptissime
1095 1429 1363 1498 arithmeticorum

30 1589 36 1598 .
144 1535 231 1595 more
253 1548 290 1595 eo
312 1528 521 1610 dissolvimus,
543 1530 626 1612 quod
648 1530 782 1613 primurn
805 1547 859 1597 eas
882 1531 1098 1600 distribuimus
1120 1531 1153 1598 in
1176 1533 1364 1615 simplicissi-

143 1651 211 1699 mas
232 1637 348 1716 partes,
372 1632 484 1706 deinde
506 1631 706 1716 aggredimur
728 1632 875 1716 singulas,
898 1634 942 1700 ita
964 1653 1035 1700 cum
1051 1635 1258 1702 conditionem
1280 1640 1366 1703 vete-

142 1755 212 1803 rum
248 1735 472 1802 statuariorum
502 1740 534 1801 et
574 1735 765 1818 sculptorum
797 1736 1017 1820 explorandam
1047 1736 1122 1802 mihi
1151 1737 1364 1821 sumpsissem,

146 1839 234 1907 brevi
255 1845 328 1923 post
350 1843 489 1922 tempore
512 1838 657 1919 intellexi,
680 1838 756 1904 nihil
772 1858 821 1905 me
836 1840 1048 1922 profecturum
1064 1858 1133 1907 esse
1147 1846 1250 1921 antea,
1272 1859 1366 1923 quam

143 1943 223 2010 alias
245 1942 393 2024 quasdem
417 1943 624 2024 quaestiones,
651 1961 731 2025 quae
752 1943 785 2009 in
807 1943 861 2008 illo
882 1944 1095 2024 continentur,
1125 1949 1276 2028 quantum
1298 1942 1367 2009 fieri

142 2053 264 2130 posset,
293 2045 555 2128 disceptavissem.
606 2045 673 2111 Nec
697 2047 764 2128 jam
789 2047 922 2114 liberum
950 2047 1026 2112 mihi
1055 2047 1180 2132 quidem
1202 2047 1367 2114 videbatur

144 2151 278 2234 eligendi
300 2149 476 2216 arbitrium:
500 2167 556 2232 per
578 2167 612 2215 se
635 2150 715 2215 enirn
737 2151 875 2238 patebat,
898 2151 995 2215 multo
1011 2149 1239 2232 simplicissima
1256 2156 1288 2215 et
1302 2169 1367 2215 ma·

144 2253 346 2326 nilestissima
373 2258 587 2334 monumenta,
616 2270 697 2335 quae
724 2253 861 2319 omnium
888 2254 1062 2320 arctissime
1091 2271 1162 2319 cum
1192 2251 1365 2320 artificibus

145 2355 357 2436 cohaererent,
380 2373 448 2422 esse
471 2354 624 2423 artificum
646 2357 873 2438 inscriptiones,
895 2357 1008 2438 quibus
1030 2357 1164 2424 certiora
1179 2356 1365 2424 documenta

144 2459 315 2542 excogitari
337 2477 399 2525 non
421 2464 569 2542 possunt,
592 2460 738 2541 quoniam
760 2459 801 2526 ab
823 2457 995 2525 artificibus
1017 2461 1093 2542 ipsis
1114 2459 1205 2542 quasi
1227 2461 1366 2526 testimo-

144 2563 199 2628 nia
220 2563 260 2628 de
282 2579 316 2628 se
338 2580 395 2628 neo
423 2581 495 2628 raro
518 2561 603 2628 solae
624 2567 717 2629 uotae
738 2567 933 2645 posterorum
956 2562 1123 2629 memoriae
1151 2562 1262 2628 relicta
1282 2568 1365 2629 sunt.

146 2665 259 2747 ltaque
281 2662 398 2730 lactum
421 2670 478 2746 est,
502 2671 537 2731 ut
559 2685 629 2733 cum
652 2671 684 2731 et
706 2664 814 2732 titulos
836 2683 930 2747 quam
951 2667 1100 2749 plurimos
1116 2684 1284 2749 congerere
1301 2672 1367 2733 stu-

145 2769 324 2846 deremet,
353 2786 434 2851 quae
462 2769 493 2833 iu
523 2770 678 2851 congestis
706 2769 1005 2849 animadverteram,
1033 2768 1147 2835 litteris
1176 2769 1366 2851 mandarem,

146 2872 308 2954 paullatim
331 2872 492 2938 titulorum
514 2873 632 2956 sylloge
654 2878 687 2938 et
709 2873 927 2938 commentatio
956 2870 1182 2939 conficerentur
1212 2891 1248 2939 eo
1270 2873 1366 2956 potis·

145 2977 258 3041 simum
284 2975 426 3056 consilio,
459 2979 495 3042 ut
516 2995 566 3041 me
594 2976 696 3058 ipsum
724 2974 853 3040 adrem
875 2973 915 3040 ab
941 2974 1029 3039 initio
1052 2976 1245 3058 propositam
1266 2977 1367 3058 magis

146 3085 325 3163 promptum
348 3075 510 3146 efficerem.
555 3079 622 3144 Iam
650 3097 720 3145 cum
747 3097 827 3161 quae
856 3077 1025 3160 conscripsi
1053 3082 1224 3144 retractata
1252 3079 1367 3161 publici

141 3183 224 3266 juris
254 3182 365 3250 faeiem
393 3201 448 3265 spe
470 3189 574 3249 motus
603 3201 640 3249 ea
667 3181 799 3248 fortasse
829 3187 862 3248 et
887 3181 956 3246 aliis
986 3199 1055 3247 esse
1081 3181 1259 3263 profutura,
1289 3200 1367 3265 opus

146 3287 223 3352 mibi
246 3284 387 3366 ridetur,
417 3293 454 3352 ut
475 3305 539 3370 qua
559 3292 663 3352 mente
685 3285 794 3351 titulos
817 3284 993 3366 collegerim
1016 3289 1049 3351 et
1077 3285 1269 3368 scripserim,
1299 3286 1368 3352 bre-

145 3389 237 3457 uibus
258 3408 418 3473 exponam.

234 3494 280 3560 Ac
301 3494 435 3577 primum
459 3511 529 3559 cum
552 3493 691 3577 syllogen
712 3491 836 3575 plenam
858 3491 1003 3558 exhibere
1025 3491 1150 3571 vellem,
1180 3510 1220 3557 ne
1241 3491 1368 3558 mutilos

149 3597 277 3678 quidem
298 3596 407 3662 titulos
429 3597 555 3680 impune
574 3615 596 3662 a
611 3616 660 3663 me
683 3596 799 3678 negligi
812 3613 904 3679 posse
922 3594 1071 3676 jndicavi,
1094 3593 1280 3677 praesertim
1297 3611 1368 3661 cum

147 3701 256 3784 plures
278 3701 436 3783 regiones,
467 3718 545 3782 quas
567 3701 645 3766 artis
666 3698 759 3764 laude
779 3696 922 3765 floruisse
943 3717 1004 3764 non
1027 3697 1178 3763 traditum
1200 3700 1264 3776 est,
1293 3698 1368 3763 titu-

147 3805 248 3870 lorum
278 3809 400 3870 tautum
426 3803 609 3888 fragmentis
638 3801 776 3885 insignes
804 3801 876 3867 sint.
922 3802 1069 3867 Attamen
1097 3798 1367 3884 licetBrunnii1)

148 3913 182 3972 et
211 3905 427 3991 Ooerdeclciffl)
459 3907 621 3988 operibus,
658 3905 839 3986 dequibus
869 3904 939 3971 vide
967 3924 997 3988 p.
1021 3904 1054 3983 2,
1086 3920 1281 3986 summopere
1309 3904 1367 3969 sim

148 4011 284 4093 adjutus,
306 4009 391 4076 baud
406 4027 521 4093 paucas
536 4029 585 4076 me
602 4009 746 4094 effugisse
761 4009 996 4091 inscriptionum
1011 4007 1057 4071 ito
1072 4006 1282 4088 dispersarum
1301 4007 1367 4090 ipse

149 4113 282 4180 libenter
302 4113 446 4194 concedo,
461 4120 493 4179 et
514 4113 575 4178 iam
597 4131 679 4178 nunc
700 4111 866 4177 nonnullae
888 4108 961 4176 addi
983 4115 1153 4193 potuerunt
1175 4099 1217 4193 (p'.
1232 4109 1294 4174 200
1306 4110 1367 4194 sq.)

149 4237 188 4284 ex
214 4217 316 4291 libris,
344 4236 423 4301 quos
452 4217 600 4300 opusculo
629 4215 811 4284 concinnato
841 4213 965 4280 demum
998 4213 1151 4294 inspicere
1182 4212 1279 4280 licuit.
1329 4212 1366 4278 In

214 4425 237 4490 1)
254 4423 409 4478 Gsschichte
427 4425 471 4477 der
488 4423 584 4493 griech.
595 4425 733 4477 Kuenstler
751 4441 801 4476 ron
813 4423 856 4475 Dr.
870 4422 906 4474 H.
920 4421 1024 4476 Brumae.
1044 4423 1064 4474 1.
1081 4419 1278 4489 Brsnnsclrsrsig
1291 4421 1365 4476 1853.

214 4513 239 4578 2)
256 4511 304 4564 Dio
330 4511 434 4564 antiken
453 4509 649 4580 Schriltmllen
672 4529 717 4562 sur
734 4509 887 4564 Gesnhiohto
906 4511 950 4560 der
967 4508 1104 4561 bildsndan
1120 4506 1233 4560 Kusnsts
1256 4509 1296 4559 bei
1317 4508 1366 4559 den

151 4599 283 4650 Grisclron.
319 4599 472 4651 Gsssmmelt
491 4615 541 4648 von
559 4597 584 4649 Ι.
606 4595 743 4661 Ouerbeclc,
768 4598 854 4668 quiin
881 4597 961 4650 titulis
985 4595 1123 4649 scribendis
1141 4595 1287 4648 minusculis
1304 4610 1366 4646 usus

151 4695 201 4756 sst3
221 4686 311 4738 citatur
328 4685 475 4757 plerumque
493 4685 582 4738 litteris
600 4683 656 4752 SQ.
