3330 5378
649 435 860 556 -sbl-

144 624 341 710 (›Typen‹)¹
363 623 490 692 nomina
512 623 614 691 denuo
636 622 748 720 cuique
769 621 838 706 pari
859 621 909 689 vel
930 621 1024 689 simili
1054 625 1180 689 statuae
1208 620 1364 690 subscribi

144 755 224 821 opus
246 755 310 803 non
331 735 401 818 huit,
423 749 493 804 cum
515 735 600 819 apud
622 739 745 802 ueteres
765 732 916 800 historiae
937 735 1015 802 artis
1030 733 1187 818 quamdam
1201 733 1365 802 seientiam

144 848 251 931 paullo
274 847 453 915 eruditioris
473 846 607 914 hominis
628 844 725 914 luisse
747 864 785 912 er
807 845 1012 929 scriptoribus
1034 846 1084 913 vel
1104 843 1229 914 infimae
1251 845 1365 914 aetatis

142 960 343 1028 manifestum
364 960 415 1028 sit.
542 959 546 970 '

230 1074 318 1153 Quae
340 1091 410 1140 cum
433 1071 703 1153 constituerimus,
727 1069 864 1155 expediti
885 1069 1105 1155 aggrediamur
1126 1071 1167 1138 ad
1189 1069 1365 1153 inscriptio-

141 1202 217 1252 num
239 1184 404 1252 historiam
426 1185 564 1252 breviter
586 1182 803 1252 enarrandam.

228 1297 333 1379 Amne
354 1297 563 1379 antiquissimi
585 1295 709 1379 quidem
731 1293 866 1364 artifices
887 1296 1013 1364 nominc
1027 1295 1170 1364 omnibus
1185 1287 1252 1362 lero
1265 1295 1365 1380 operi-

142 1410 204 1477 bus
225 1408 448 1493 subscripsisse
471 1409 617 1477 ridentur
638 1409 696 1492 ita,
719 1414 756 1476 ut
776 1408 831 1477 illa
852 1413 957 1477 aetate
978 1408 1099 1476 nullum
1121 1405 1288 1476 artificium
1309 1427 1365 1475 au-

142 1521 239 1588 ctoris
261 1521 386 1589 nomine
413 1541 475 1590 non
503 1525 648 1589 ornatum
677 1519 776 1588 luisse
804 1520 916 1606 conjici
942 1521 1056 1605 possit;
1085 1520 1180 1588 immo
1208 1519 1363 1589 artificum

144 1631 231 1699 tituli
252 1652 324 1702 cum
345 1634 458 1700 votius
473 1639 540 1700 tam
554 1637 640 1702 arcte
655 1633 813 1718 conjuncti
827 1638 911 1715 sunt,
932 1639 969 1702 ut
982 1633 1102 1701 nullum
1117 1633 1255 1718 spatium
1269 1633 1365 1701 inter-

142 1744 269 1814 cederet
291 1745 335 1829 (3,
357 1746 393 1828 4,
415 1746 477 1826 8a,
500 1746 536 1828 9,
559 1747 614 1828 10,
636 1765 671 1823 a,
693 1747 728 1828 b,
751 1765 784 1828 c,
808 1747 864 1829 13,
887 1747 951 1811 14*
973 1746 1011 1814 cl.
1035 1746 1098 1814 tab.
1113 1747 1145 1829 1,
1168 1746 1212 1831 b).
1254 1746 1366 1828 Neque

143 1858 245 1926 solum
265 1858 298 1925 iu
318 1859 434 1924 statuis
453 1864 617 1926 auctorum
631 1859 756 1926 nemim
769 1859 971 1926 inveniuntur
993 1860 1036 1944 (2,
1059 1860 1089 1942 3,
1113 1859 1163 1941 10,
1186 1878 1215 1938 a,
1237 1860 1258 1926 b
1280 1858 1364 1942 etc),

143 1969 316 2038 sedetiam
338 1970 371 2036 in
392 1969 577 2054 anaglyphis
599 1971 643 2055 (6,
665 1972 695 2052 7,
718 1971 749 2052 8,
773 1970 823 2053 12,
847 1970 900 2054 13)
924 1974 957 2037 et
977 1970 1129 2056 protomis
1151 1971 1215 2056 (4);
1238 1977 1271 2039 ct
1291 1971 1365 2039 Par·

142 2102 256 2151 menon
278 2103 315 2152 eo
342 2084 510 2167 processit,
537 2089 575 2150 ut
601 2083 757 2168 lapidibus
786 2103 912 2169 quoque
939 2063 1019 2152 beno
1048 2084 1153 2168 politis
1180 2101 1293 2151 nomeu
1320 2083 1367 2149 in·

144 2194 303 2280 sculperet
316 2195 491 2282 Παρμένων
511 2195 550 2281 μ’
572 2194 749 2286 ἐποίησενῆ
772 2197 886 2264 clarius
907 2193 1063 2263 artificum
1078 2196 1366 2278 antiquissimorum

143 2307 264 2374 animos
291 2308 432 2375 indicant
458 2309 552 2375 haec:
581 2307 697 2397 ποίημα
718 2306 879 2373 Klscrrc'deo
895 2309 937 2394 (l)
966 2304 1137 2399 εὔχομαι
1165 2308 1242 2375 εἶναι
1257 2310 1304 2395 (5)
1333 2315 1367 2379 ct

143 2418 296 2510 Ἀλξὴνωρ
319 2418 462 2508 ἐποίησεν
484 2421 630 2495 ὀΝάξιος
652 2421 732 2486 ἀλλ’
755 2420 959 2506 deicienda·
982 2430 1016 2491 et
1038 2423 1169 2492 artificia
1190 2423 1281 2505 quasi
1294 2423 1367 2489 viva

143 2538 252 2600 essent
273 2532 312 2600 dc
334 2552 369 2602 se
389 2534 562 2618 loquuntur
580 2533 620 2620 p?
642 2533 776 2623 ἐπόησεν
799 2535 841 2620 (2,
865 2536 895 2618 4,
918 2537 948 2613 5,
971 2535 1022 2620 6):
1048 2535 1237 2620 asuperbla
1258 2537 1366 2620 igitur,

142 2664 207 2730 qua
229 2645 436 2728 antiquissimi
466 2643 602 2715 artifices
630 2645 777 2731 operibus
804 2645 952 2730 perlectis
981 2648 1055 2716 elati
1083 2653 1176 2732 sunt,
1204 2649 1366 2732 inscriptio

142 2757 294 2840 originem
316 2757 414 2825 duxit
905 2793 907 2800 ·

228 2868 348 2937 Deinde
371 2887 442 2936 cum
463 2887 516 2936 ars
538 2888 693 2936 summum
720 2869 753 2936 in
781 2869 941 2954 fastigium
971 2878 1079 2940 evecta
1107 2878 1208 2954 esset,
1238 2891 1294 2941 cur
1320 2873 1367 2940 in·

142 2979 330 3064 scriptiones
353 2981 487 3049 rariores
509 2979 611 3048 factae
633 2982 711 3062 sint,
730 2981 797 3066 Jam
819 2982 1026 3050 intelleximus
1049 2983 1092 3068 (p.
1108 2984 1149 3049 56
1171 2984 1251 3071 sq.);
1273 2990 1306 3052 et
1326 3004 1367 3052 ne

142 3093 252 3175 optimi
273 3091 401 3174 quidem
423 3091 559 3159 artifices
581 3093 724 3159 omnibus
747 3094 893 3176 operibus
916 3095 1043 3162 nomina
1065 3095 1281 3179 subjecerunt,
1310 3098 1366 3172 sod

141 3204 182 3270 iis
207 3209 339 3279 mutam,
361 3204 476 3284 quibus
498 3203 657 3288 inscriptis
679 3221 713 3270 sc
734 3205 820 3288 ipsos
842 3206 1054 3287 honorabant3
1078 3206 1123 3273 ita
1143 3207 1271 3275 Phidias
1293 3208 1366 3276 Jovi

144 3313 287 3398 Olympio
309 3333 437 3381 versum
460 3315 643 3398 adscripsit;
671 3317 802 3401 eiusque
824 3316 864 3384 de
885 3316 1016 3384 Lemnia
1036 3318 1151 3385 iterum
1172 3320 1304 3387 laudme
1331 3321 1367 3387 li·

142 3431 213 3493 ceat
234 3425 365 3493 Luciani
388 3425 559 3509 imaginum
582 3433 677 3510 caput
692 3427 749 3494 IV:

229 3536 374 3608 Λυκῖνος·
395 3573 438 3585 -
461 3536 582 3602 τῶνδὲ
605 3535 727 3602 Φειδίου
752 3537 853 3625 ἔργων
875 3539 904 3603 τί
921 3540 1054 3624 papillam
1074 3534 1247 3630 ἐπῄνεσας
1269 3542 1366 3609 Πολύ·

143 3670 295 3733 ατρατος·
319 3647 347 3712 τί
366 3647 399 3711 δ’
423 3647 496 3712 ἄλλο
518 3646 538 3737 ἢ
561 3649 615 3737 τὴν
629 3647 776 3737 Λημνίαν,
799 3645 821 3738 ᾔ
842 3651 891 3713 καὶ
907 3648 1077 3737 ἐπιγράψαι
1091 3649 1227 3738 τοῦνομα
1244 3652 1368 3726 Φειδίας

143 3757 301 3848 belone:
324 3759 467 3826 similiter
482 3759 620 3842 Pyrrhus
643 3760 724 3844 (syll.
740 3760 793 3844 18)
810 3761 971 3829 Minervae
987 3763 1140 3847 Hygieae,
1162 3782 1257 3847 quam
1271 3765 1366 3834 Athe-

144 3870 270 3938 nienses
292 3871 517 3938 dedicaverunt
538 3870 669 3954 publice,
693 3872 877 3956 subscripsit
890 3872 1018 3961 Πύρρος
1033 3873 1177 3964 ἐποίησεν
1192 3873 1366 3966 ’aliqualem

143 4001 221 4050 saue
242 3982 353 4050 honori
375 3987 444 4050 erat
464 3980 577 4050 artifici
597 3981 767 4066 inscriptio,
793 4002 889 4068 supra
910 4004 1005 4070 quam
1018 3983 1207 4076 Ἀθηναῖοι
1228 3986 1366 4079 τῇἈθη-

213 4232 278 4285 lbis
296 4233 329 4284 dc
346 4231 435 4284 formis
453 4232 536 4285 adhuc
554 4249 620 4285 unns
637 4231 752 4300 Hoynius
770 4231 905 4300 disputarit
922 4236 949 4287 in
971 4233 1180 4290 commentatione
1202 4239 1235 4290 ds
1255 4241 1365 4292 auotori-

141 4320 191 4372 bns
208 4317 355 4381 lemarum,
381 4319 474 4388 quibus
461 4319 554 4371 ccliii
545 4321 687 4388 rnprlsoao
703 4318 764 4371 aab
782 4320 900 4388 operibns
920 4321 996 4376 efflei
1012 4321 1153 4379 comana
1171 4324 1283 4394 Gotting.
1295 4325 1365 4390 vm,

139 4423 168 4474 p
181 4402 412 4544 xpcztrlrffesseise
430 4489 914 4555 aufden1ne01ndachnk.llaercs,
932 4495 1120 4565 Thumpla.
1138 4455 1364 4566 nostr.tab.Vl‚o.
