3330 5378
648 493 858 558 ...27-

142 684 312 750 varietates
334 688 514 767 superesset
536 681 648 749 artifici
670 699 834 765 regressus
856 681 1040 748 adveniam
1062 682 1149 749 velut
1162 681 1366 748 emendaturo

143 792 295 876 quidquid
323 793 555 862 desideraretur
585 794 611 859 si
641 813 704 860 non
733 797 818 862 esset
847 794 1050 876 interceptus.
1102 794 1207 873 Quare
1241 791 1367 876 planum

144 905 350 974 verecundiae
372 905 449 973 illud
473 909 530 980 est,
552 904 762 987 quod-omnia
783 923 879 989 opera
898 909 1058 988 tamquam
1078 904 1246 972 novissima
1260 903 1368 970 inscrl·

142 1037 234 1101 psere
256 1022 288 1084 et
309 1023 469 1101 tamquam
493 1016 623 1099 singulis
645 1014 710 1082 fato
733 1015 880 1100 adempti.
918 1007 1011 1083 Tria
1033 1034 1110 1082 non
1132 1015 1303 1097 amplius
1325 1018 1368 1081 nt

143 1130 282 1211 opinor
304 1128 487 1197 absolute
509 1127 726 1195 traduntur
746 1125 1146 1210 inscriptailleiecit,
1169 1145 1270 1209 quae
1285 1125 1367 1193 suis

143 1240 247 1308 locis
268 1240 443 1307 reddam:
471 1259 532 1324 quo
554 1237 717 1323 apparuit,
746 1257 899 1306 summam
921 1239 998 1306 artis
1020 1238 1223 1306 securitatem
1245 1240 1367 1306 auctori

143 1351 300 1436 placuisse
322 1356 355 1419 et
375 1352 415 1419 ob
437 1351 470 1417 id
493 1351 525 1416 in
552 1369 666 1434 magna
691 1350 809 1418 invidia
837 1349 926 1418 fuere
952 1351 1056 1419 omnia
1083 1369 1151 1418 ea«
1203 1350 1266 1418 Sed
1295 1347 1368 1418 illae

144 1469 209 1531 tres
236 1462 455 1548 inscriptiones
484 1463 626 1530 redditae
653 1481 716 1529 non
743 1463 851 1530 sunt¹.
902 1462 948 1530 Ac
976 1463 1110 1546 primum
1140 1461 1267 1545 quidem
1297 1475 1368 1531 cum

145 1575 392 1643 Winclrelmann.
409 1573 551 1658 Lessing.
568 1573 715 1641 Letronn.
739 1573 772 1658 (l.
789 1574 809 1640 l.
823 1570 863 1655 p.
878 1575 935 1640 151
953 1574 1035 1658 sqq.)
1050 1575 1087 1640 R.
1103 1576 1275 1642 Rochettns
1297 1576 1331 1660 (l.
1345 1573 1367 1642 l.

146 1707 176 1771 p.
198 1687 272 1771 163)
287 1685 379 1753 Plinii
402 1686 486 1754 dicta
508 1686 549 1754 ad
570 1687 679 1753 aoristi
702 1685 859 1770 (absolute
873 1685 1028 1770 inscripti)
1044 1690 1077 1752 et
1091 1686 1263 1768 imperfecti
1280 1687 1367 1771 (pen-

144 1797 260 1892 dentis)
288 1799 454 1867 discrimen
484 1809 643 1882 spectare.
656 1801 836 1881 putassent,
864 1789 901 1863 0.
925 1797 1038 1865 Jahn.²
1066 1791 1202 1865 Plinium
1229 1799 1269 1867 de
1297 1816 1367 1882 per-

146 1909 227 1978 fecto
256 1914 288 1977 et
315 1909 497 1994 imperfecto
525 1909 626 1992 egisse
656 1909 793 1992 censuit,
820 1922 913 1994 quem
942 1909 1101 1976 Brunnius
1131 1910 1164 1995 (l.
1186 1910 1207 1977 l.
1235 1927 1265 1994 p.
1289 1907 1365 1994 234)

148 2028 276 2089 secutus
298 2027 355 2090 est.
400 2021 490 2101 Quod
512 2019 648 2089 fortasse
670 2023 755 2088 recte
777 2022 928 2087 monitum
951 2037 1020 2088 esse
1042 2038 1104 2088 non
1127 2037 1289 2106 negamus,
1311 2021 1366 2089 se'd

145 2135 251 2201 neila
279 2134 405 2216 quidem
422 2133 540 2199 Plinius
562 2132 652 2216 gravi
673 2132 788 2200 erroris
809 2131 945 2214 erimine,
968 2131 1051 2214 quod
1074 2132 1102 2200 ei
1124 2133 1239 2200 inussit
1252 2134 1289 2199 R.
1306 2133 1367 2202 Ro·
1487 2121 1489 2124 ’

144 2244 269 2312 chettus
297 2244 317 2310 1
343 2245 381 2327 1.,
407 2244 534 2312 liberari
562 2247 682 2326 potest,
714 2244 741 2309 si
770 2244 886 2310 nostris
916 2244 1071 2312 credimus
1099 2244 1364 2328 inscriptionibus,

144 2373 226 2438 quae
247 2355 316 2423 illos
338 2354 474 2439 fingendi
497 2354 675 2422 conditores
697 2355 813 2422 nodato
837 2355 941 2437 potius
959 2373 1033 2423 usos
1049 2373 1118 2423 csse
1132 2356 1244 2424 docere
1258 2357 1366 2426 viden-

145 2473 207 2535 tur.
253 2468 341 2548 Quae
364 2487 434 2536 cum
456 2469 501 2534 ita
523 2467 586 2534 sint
608 2466 732 2534 Urlichs
753 2469 786 2535 in
808 2467 1030 2536 chrestomath.
1051 2468 1212 2537 Plinianao
1233 2468 1364 2553 praefat.

144 2599 175 2664 p.
199 2581 275 2647 XIV
297 2585 361 2648 not.
390 2581 574 2663 scriptorem
602 2598 708 2646 errore
735 2580 839 2662 paullo
867 2585 940 2663 post
966 2581 1123 2648 intellecto
1145 2601 1200 2648 eas
1228 2586 1293 2648 tres
1320 2582 1365 2648 in·

144 2691 347 2776 scriptiones,
374 2709 452 2776 quas
474 2691 632 2774 promisit,
659 2689 772 2758 afferre
793 2710 856 2757 non
877 2690 1026 2773 potuisse.
1072 2691 1134 2759 Sed
1157 2697 1193 2760 ut
1214 2692 1368 2760 erraverit

144 2802 277 2882 Plinius,
299 2806 336 2869 ut
357 2802 545 2869 intellexerit
566 2821 714 2884 errorem,
736 2807 879 2870 nostrum
901 2807 951 2870 est
973 2801 1087 2872 erroris
1110 2803 1231 2872 mirifici
1246 2804 1365 2871 fontem

147 2909 348 2998 investigate.
385 2912 520 2980 Plinium
542 2913 624 2980 eniln
647 2919 764 2981 temere
786 2914 924 2982 locutum
936 2927 1015 2984 esse
1036 2917 1070 2982 in
1090 2913 1284 2999 praelatione
1305 2915 1365 2983 sol-

144 3026 240 3093 lemni
262 3025 442 3108 imperatori
465 3025 618 3092 mittenda
639 3025 723 3092 credi
746 3043 808 3092 non
829 3031 943 3109 potest,
965 3028 1019 3095 ubi
1040 3028 1137 3096 verbu
1160 3033 1216 3095 »ut
1235 3029 1363 3111 opinor«

144 3139 261 3223 quibos
283 3136 417 3204 fortasse
438 3133 525 3202 illum
547 3154 696 3205 excusare
718 3139 809 3216 velis,
835 3153 904 3206 eam
927 3140 1045 3207 habent
1065 3140 1127 3207 vim
1149 3151 1187 3206 ac
1209 3140 1236 3206 si
1256 3145 1366 3208 auctor

144 3250 291 3331 dixisset,
320 3266 356 3314 se
377 3247 439 3315 tria
460 3252 583 3314 tantum
604 3249 746 3333 exempla
771 3267 873 3318 nosse.
923 3252 1043 3319 Plinius
1070 3251 1167 3335 igitur
1194 3269 1251 3335 pro
1279 3257 1365 3319 terto

146 3361 258 3428 habuit
277 3359 385 3427 mmm
406 3360 515 3426 coristi
537 3375 638 3443 usum,
660 3360 854 3445 frequentem
876 3361 1060 3446 imperfecti.
1105 3364 1193 3444 Quae
1215 3365 1289 3432 vero
1311 3364 1367 3431 ad-

117 3523 118 3526 .
144 3473 225 3540 didit
247 3472 294 3540 de¹
308 3469 417 3538 coristi
440 3477 472 3539 et
493 3471 667 3556 imperfecti
688 3472 881 3557 discrimine,
909 3475 936 3540 si
963 3475 1011 3542 tis
1040 3473 1141 3543 facete
1170 3465 1255 3542 dicta
1282 3479 1366 3558 sunt,

130 3583 202 3652 vsed
223 3581 377 3651 artificum
399 3600 589 3650 summorum
611 3583 723 3650 animis
745 3584 848 3652 minus
868 3591 944 3670 apta
964 3585 1120 3655 videntur.
1157 3587 1244 3654 inter
1258 3599 1365 3655 omnes

87 3677 90 3684 ⁴
140 3701 250 3770 samm
280 3699 404 3763 constat
431 3693 566 3761 Plinium
595 3696 673 3762 artis
702 3694 841 3764 Graecae
867 3698 946 3774 satis
975 3699 1119 3783 ignarum
1146 3697 1286 3767 artificiis
1315 3698 1367 3767 'vel

144 3807 226 3875 falsa
247 3807 373 3874 nomina
393 3805 578 3884 indidissel,
601 3825 664 3890 qna
685 3808 717 3874 in
739 3827 774 3876 re
793 3810 1005 3878 Romanorum
1022 3812 1173 3896 juvenum
1193 3811 1366 3879 otiosorum

145 3920 278 3989 fabellas
300 3917 427 3988 secutus
449 3917 590 4000 videtum
612 3925 708 4004 atque
729 3920 779 3988 his
800 3923 883 3989 sales
905 3923 1095 3991 conveniunt
1110 3925 1364 4008 epigrammatici,

142 4041 181 4102 nt
201 4033 247 4101 itu
268 4032 386 4110 dicam,
414 4052 434 4098 a
456 4031 571 4117 quibus¹
593 4051 633 4099 ne
654 4032 707 4099 illa
726 4033 853 4114 quidem
876 4035 1064 4116 abhorrent,
1092 4053 1173 4120 quae
1193 4033 1233 4104 de
1254 4037 1365 4104 aorlstl

141 4153 176 4215 et
207 4143 379 4229 imperfecti
410 4142 636 4228 significatione
665 4144 783 4213 Plinius
816 4146 955 4212 tradidit.
1013 4146 1227 4215 Intelleximus
1259 4153 1364 4215 numm

125 4258 186 4342 ¹(p.
211 4256 255 4341 9.)
284 4274 340 4324 nec
368 4257 460 4324 bases
488 4275 525 4322 ex
553 4255 686 4324 Graecia
714 4258 903 4326 aRomanis
932 4263 1116 4343 apportatas
1144 4277 1213 4328 asse
1241 4260 1274 4326 in
1301 4261 1364 4326 Ita-

139 4371 214 4437 liam
237 4372 270 4436 et
291 4367 332 4436 in.
345 4367 506 4435 titulomm
534 4365 688 4436 artificum
719 4369 947 4454 exemplaribus
976 4389 1014 4437 en
1041 4383 1128 4440 more
1156 4371 1364 4457 posteriorum

210 4551 349 4621 llaasaing.
366 4550 489 4608 laocoon.
508 4569 533 4620 p.
546 4553 598 4608 100
615 4570 653 4620 sq.
670 4561 722 4606 not.

209 4639 318 4692 ‘attha
335 4635 392 4692 Ber.
412 4639 486 4695 1850.
504 4639 536 4692 cl.
555 4635 690 4707 hist-phil.
711 4657 736 4707 p.
750 4641 797 4696 141
817 4653 854 4707 sq.
873 4645 925 4693 not.
943 4639 985 4724 ts.

210 4723 299 4780 Haud.
318 4723 447 4795 Stephani.
465 4723 674 4796 (inrupta-rande.
693 4725 759 4783 1862
776 4743 803 4795 p.
815 4726 943 4782 etl-100.
961 4727 992 4781 ef.
1010 4725 1076 4783 1867
1097 4743 1124 4795 p.
1137 4729 1178 4784 10.
